3034 4675
464 1556 496 2544 Θωωῦωὒςωωῦωῦωῡςωωῦωδ

539 2482 558 2530 β

567 1560 617 2530 ῬῬΨΓῙΡὈΨῬΕΩΞΨΞ-

1108 1222 1590 1329 Conspectus
1653 1217 1879 1327 capiti
1894 1251 1906 1299 ,ι
1922 1251 1958 1299 11
1978 1251 1986 1299 ι
2006 1283 2018 1295 .

687 1555 827 1615 Quid
869 1554 1070 1617 antiqui
1109 1554 1173 1600 (le
1209 1551 1377 1614 figura
1410 1554 1682 1616 hyperbati
1722 1555 2058 1603 iudicum-rint

687 1658 914 1705 Articuli
951 1657 1272 1720 hyperbaton
1361 1691 1372 1702 .
1446 1692 1456 1703 .
1532 1692 1543 1702 .
1617 1691 1629 1702 .
1703 1692 1714 1702 .
1786 1694 1797 1705 .
1874 1695 1878 1703 .

685 1761 946 1808 Traiectio
981 1759 1427 1822 praepositionum

687 1864 1792 1911 Detmesi..........

686 1968 766 2016 De
803 1966 1170 2014 adverbiorum
1205 1938 1510 2012 traiectione

687 2071 768 2117 De
804 2067 1092 2132 hyperbato
1133 2067 1560 2115 coniunctionum
1614 2103 1627 2117 .
1700 2102 1711 2115 .
1786 2102 1797 2115 .
1870 2107 1878 2115 .

688 2172 882 2233 Figura
919 2184 1051 2233 quae
1089 2170 1279 2217 dicitur
1318 2162 1436 2217 ἀπὸ
1483 2168 1711 2219 κοινοῦ.
1786 2204 1799 2216 .
1874 2207 1880 2215 .
1958 2207 1966 2215 .
2042 2207 2050 2215 .
2130 2207 2134 2215 .
2214 2207 2222 2215 .
2298 2207 2306 2215 ,

687 2276 767 2321 De
806 2273 1112 2321 traiectione
1150 2271 1591 2320 substantivorum
1629 2278 1680 2318 et
1718 2273 2078 2319 attrihllrnrum
2122 2311 2130 2319 ,
2210 2311 2214 2319 .

688 2379 768 2425 De
805 2377 1067 2424 variorum
1104 2375 1359 2424 enuntiati
1395 2374 1743 2422 membrorum
1783 2376 2082 2420 traicvtium·

689 2482 769 2527 De
820 2463 1210 2541 participiorum
1258 2485 1310 2525 et
1356 2491 1488 2538 quae
1543 2477 1608 2524 ab
1656 2477 1761 2524 illis
1812 2492 2058 2536 reguntur

798 2581 1083 2644 hyperbato

606 2722 618 2733 .
689 2687 770 2734 De
807 2684 1094 2747 hyperbato
1133 2684 1387 2732 enuntiati
1425 2684 1628 2731 relativi
1699 2719 1711 2731 .
1784 2719 1796 2730 .
1870 2720 1878 2728 .
1958 2720 1966 2728 .

605 2925 617 2937 .
691 2890 984 2938 Collocatio
1023 2885 1118 2937 διὰ
1155 2889 1331 2957 μέσου

605 3027 616 3039 .
691 2993 766 3038 De
809 2991 1155 3038 collocatione
1196 3005 1325 3052 quae
1366 2991 1556 3038 dicitur
1594 2986 1817 3058 ὕστερον
1862 2988 2078 3052 πῃιὶμψ

2082 2412 2479 2420 ιιιιιι

605 2822 618 2836 .
692 2789 772 2835 De
807 2787 978 2835 verbis
1017 2788 1070 2833 in
1108 2787 1434 2834 enuntiatum
1470 2785 1693 2833 alterum
1731 2788 2058 2844 tranffiprudriza·
2130 2824 2134 2828 .
2214 2824 2222 2832 .
2302 2824 2306 2832 .

2090 3008 2130 3036 Η·
2210 3028 2214 3032 .

2555 1483 2615 1523 ¹¹¹5
