3034 4675
622 319 855 383 -149—

202 509 276 566 quae
303 488 393 548 verba
421 490 451 546 in
479 488 557 546 hunc
585 486 703 548 modum
734 488 936 567 coniungenda
968 508 1029 548 esse
1058 509 1160 549 censeo
1191 498 1274 570 ‘quor

202 593 323 654 sedebas
345 597 376 653 in
397 594 458 652 foro
478 602 511 651 tu
532 592 618 665 solus,
642 596 667 653 si
688 613 751 653 eras
773 614 880 673 coquos
902 604 1016 674 praeter
1036 579 1127 657 alios’.
1146 637 1147 640 η
1167 592 1273 654 name
1316 599 1318 602 ’

201 708 262 759 tota
283 701 368 779 coqui
389 697 466 758 illius
488 701 617 758 oratione
639 698 720 780 (ante
740 702 836 759 omnia
858 701 892 761 cf.
913 720 942 759 v.
967 699 1041 780 783)
1064 709 1184 780 apparet
1206 719 1271 759 eum

201 807 340 885 optimum
362 824 395 863 se
415 822 478 863 esse
492 823 614 880 coquum
636 802 774 864 adversus
788 804 948 864 Ballionem
968 806 999 863 in
1021 806 1081 864 foro
1102 805 1191 864 fluisse
1211 805 1271 883 glo·

201 913 340 985 riantem3
362 912 461 988 itaque
482 918 595 989 oportet
618 911 693 969 hanc
714 908 872 990 procedere
893 912 1064 970 sententiam
1088 914 1121 971 ‘si
1142 930 1206 970 eras
1226 930 1271 970 co·

201 1034 276 1095 quos
302 1011 580 1095 praestantissimus.
623 1034 696 1090 quae
724 1014 842 1095 quidem
871 1013 983 1089 evadit,
1013 1017 1039 1074 si
1068 1035 1101 1074 eo
1123 1037 1181 1096 quo
1210 1014 1272 1074 dixi

202 1119 287 1181 modo
308 1119 461 1180 verborum
482 1117 612 1178 ordinem
635 1118 782 1179 dissolvas.
827 1119 878 1178 illa
896 1130 993 1180 autem
1021 1120 1155 1194 libertas,
1186 1141 1271 1197 quam

201 1225 281 1305 apud
294 1226 430 1284 Plautum
446 1222 532 1283 modo
548 1227 741 1301 cognovimus,
764 1244 829 1283 cum
845 1245 862 1284 e
875 1225 1012 1285 facultate
1023 1225 1140 1303 linguae
1151 1227 1273 1285 Latinae

202 1330 291 1391 verba
310 1330 429 1390 liberius
450 1328 630 1410 disponendi,
651 1338 713 1389 tum
728 1349 745 1389 e
759 1328 910 1389 cottidiani
932 1333 1071 1390 sermonis
1091 1340 1204 1404 natura,
1226 1335 1272 1390 cui

201 1436 344 1518 quaedam
365 1435 547 1513 neglegentia
567 1437 597 1494 in
618 1435 824 1495 vocabulorum
845 1434 946 1495 ordine
968 1438 1086 1516 propria
1108 1448 1166 1508 est,
1197 1455 1272 1496 ema-

201 1546 292 1607 navit.
322 1544 429 1623 quippe
442 1543 472 1600 in
486 1541 566 1619 vulgi
579 1561 686 1619 genere
708 1539 861 1617 eloquendi
882 1562 942 1600 non
964 1542 1127 1602 dominatur
1148 1545 1276 1601 severior

202 1649 253 1708 illa
283 1647 415 1707 excultae
440 1648 576 1707 orationis
605 1649 687 1721 ratio,
713 1646 764 1706 sed
785 1649 817 1705 in
838 1647 900 1726 ipso
923 1645 1038 1707 demum
1059 1646 1272 1726 pronuntiando

200 1762 416 1813 consummatur
435 1753 578 1829 cogitatio.
683 1739 686 1746 ¹

289 1876 330 1934 At
358 1872 486 1933 nondum
515 1873 601 1933 telam
630 1876 842 1954 pertexuimus,
873 1874 924 1934 sed
944 1876 1082 1935 relicuum
1103 1875 1198 1935 adhuc
1221 1887 1272 1950 est,

201 1978 280 2058 quod
306 1979 436 2039 consulto
466 1979 614 2058 hucusque
641 1981 836 2059 reposuimus,
870 1989 903 2039 ut
933 1980 1096 2054 videamus,
1131 2001 1272 2058 quaenam

202 2086 415 2146 liberiores
437 2083 546 2143 verbi
567 2085 678 2143 finiti
700 2087 958 2145 traiectiones
985 2106 1003 2145 a
1030 2090 1123 2166 poetis
1144 2090 1202 2148 sint
1222 2089 1274 2148 ad·

201 2194 299 2255 scitae.
342 2199 430 2269 atque
450 2192 573 2269 primum
597 2186 712 2264 quidem
734 2189 806 2248 illud
829 2193 996 2266 exquisitius
1022 2192 1158 2268 loquendi
1180 2214 1274 2271 genus

202 2299 358 2375 attingam,
381 2313 440 2374 quo
461 2294 581 2355 verbum
601 2295 730 2371 finitum,
753 2294 830 2372 quod
854 2295 965 2358 duabus
986 2300 1143 2374 sententiis,
1165 2308 1194 2359 et
1214 2304 1272 2379 pri·

202 2405 310 2463 mariae
324 2411 354 2462 et
367 2399 561 2474 secundariae,
580 2419 732 2460 commune
754 2410 805 2473 est,
828 2421 887 2460 non
908 2405 1061 2482 primariae
1081 2405 1271 2483 antecedenti,

202 2520 236 2570 ut
256 2509 343 2587 vulgo
363 2508 411 2581 tit,
441 2504 491 2566 sed
520 2526 584 2565 cum
607 2505 730 2581 quadam
757 2508 900 2585 elegantia
927 2512 1059 2588 sequenti
1088 2509 1274 2570 secundariae
1333 2518 1337 2525 '

202 2625 247 2675 est
267 2610 520 2678 accommodatum,
565 2612 622 2670 huc
643 2621 775 2693 spectant
795 2614 896 2692 Eurip.
919 2611 970 2673 Or.
998 2621 1075 2678 1043
1149 2656 1151 2658 ψ

377 2732 415 2791 σὺ
436 2730 489 2790 νύν
509 2724 544 2808 μ’
570 2729 689 2812 ἀδελφέ,
710 2731 754 2811 μή
777 2753 823 2803 τις
837 2721 976 2813 Ἀργείων
998 2731 1092 2815 κτάνῃ

202 2863 233 2913 et
252 2852 387 2929 Theogn·
413 2858 467 2913 541
496 2870 537 2926 sq.

363 2967 516 3047 δειμαίνω,
538 2968 581 3047 μὴ
603 2968 691 3048 τήνδε
713 2966 800 3028 πόλιν
821 2968 1004 3048 Πολυπᾱίδη
1020 2967 1113 3049 ,ὕβρις

426 3070 501 3152 ἥπερ
523 3070 717 3151 Κενταύρευς
739 3068 920 3150 ὠμοφάγους
941 3068 1049 3144 ὄλεσεν,
1143 3089 1154 3107 ·

201 3193 252 3253 ubi
275 3191 342 3251 vide
362 3189 481 3269 Bergkii
502 3200 609 3249 notam.
650 3191 696 3249 his
718 3208 833 3265 quoque
860 3192 890 3247 in
912 3189 1051 3268 exemplis
1072 3190 1271 3247 attractionem

202 3297 370 3375 intellegere
384 3296 459 3369 licet,
482 3301 560 3356 utin
576 3297 624 3355 illo
639 3313 745 3372 genere
758 3314 847 3373 supra
865 3302 1092 3354 commemorato.
1123 3304 1273 3374 praeterea

202 3403 238 3461 cf.
261 3402 384 3462 Theocr.
406 3402 434 3461 V
457 3407 507 3476 28,
529 3401 590 3462 XII
612 3406 629 3463 8
653 3419 713 3480 sq,
737 3399 932 3459 Democharin
952 3400 1032 3459 anth.
1055 3401 1118 3459 Pal.
1136 3399 1185 3457 IX
1201 3405 1271 3472 633,

206 3515 219 3570 1
245 3527 299 3588 eq,
321 3507 441 3567 Person.
471 3505 508 3564 ad
536 3507 638 3585 Eurip.
661 3504 711 3567 Or.
739 3511 828 3578 1035,
859 3507 1079 3584 Kruegeruml
1108 3510 1157 3577 63,
1185 3513 1210 3578 1,
1235 3514 1270 3579 4,

202 3611 370 3673 Schneideri
393 3610 505 3674 Gallim.
529 3613 543 3671 Ι
564 3632 592 3690 Ρ.
618 3615 688 3673 231.
733 3630 751 3669 e
778 3613 858 3690 poesi
887 3612 991 3670 Latina
1018 3612 1181 3691 speciminis
1209 3610 1292 3669 loco·

200 3716 364 3777 adscribam
385 3714 439 3779 Ov.
462 3716 523 3775 her,
546 3718 632 3778 XVII
658 3723 713 3778 107
738 3736 784 3796 sq.

369 3857 431 3899 aon
454 3834 550 3918 magia
574 3834 656 3898 illim
677 3835 838 3897 numerari
856 3834 972 3917 gaudia
993 3835 1100 3909 noctis,

368 3948 371 3954 ’
397 3939 637 4024 Hellespontiaci
656 3962 747 4023 quam
769 3940 866 4002 marie
889 3939 960 4022 alpe
973 3951 1085 4022 potest·

201 4063 254 4125 sed
272 4065 391 4142 insignis
412 4063 533 4124 audacia
554 4064 585 4121 in
600 4061 765 4122 huiusmodi
781 4060 1016 4120 collocationibus
1038 4081 1096 4120 non
1119 4068 1163 4118 est
1182 4078 1273 4136 agno·

201 4167 323 4243 scenda,
347 4189 412 4229 cum
433 4172 522 4237 etiam,
541 4171 692 4248 scriptores
713 4186 777 4248 eas,
800 4185 976 4247 quamquam
998 4185 1071 4238 raro,
1094 4167 1270 4244 usurparint,
