3034 4675
641 267 854 330 ..15-

211 429 329 513 ιιιάδην.
375 436 411 494 de
432 436 523 496 altero
543 445 639 495 autem
660 436 723 495 loco
746 436 794 495 ναὶ
816 436 861 513 μὰ
882 435 934 494 τὸν
956 436 1048 495 αὐτὸν
1070 433 1124 513 ἐμέ
1142 447 1220 495 recte
1241 439 1283 496 iu·

212 540 317 599 dicavit
338 541 554 600 Schoemannus
577 542 626 598 ‘sic
647 560 807 619 pronomen
829 540 1026 619 accipiendum
1048 550 1105 614 est,
1133 550 1165 599 ut
1187 544 1211 599 is
1233 544 1282 620 qui
1302 541 1304 544 ’

211 644 340 723 loquitur
369 646 450 703 initio
477 643 595 724 quidem
623 645 742 724 aliquod
772 666 877 705 nomen
898 648 929 704 in
955 655 1051 704 mente
1071 646 1207 705 habuisse
1228 634 1288 704 sta·¹

211 758 322 823 tuetur,
346 753 392 809 cui
414 747 641 829 praemittendus
663 760 738 809 esset
759 752 911 820 articulus,
935 749 1041 809 deinde
1060 760 1157 810 autem
1179 753 1285 810 onnsso

212 856 267 913 hoc
288 857 406 915 nomine
426 874 585 934 pronomen
606 856 702 933 potius
722 859 864 935 posuisset¹
889 892 926 902 -
951 865 995 914 est
1016 858 1104 932 igitur
1125 855 1220 914 subita
1241 857 1283 913 in·

153 1002 161 1018 .
211 962 327 1019 stitutae
346 961 482 1019 orationis
503 961 638 1033 mutatio,
669 980 757 1038 quarn
779 963 865 1019 etiam
886 963 1069 1041 aposiopesin
1091 959 1187 1017 dicere
1207 960 1284 1031 licet,

211 1047 359 1143 possitque
380 1064 452 1123 haec
472 1066 649 1141 aposiopesis
669 1067 755 1124 etiam
778 1065 930 1124 scribendo
944 1068 1039 1124 notari
1054 1064 1101 1123 ναὶ
1115 1064 1160 1142 μὰ
1175 1064 1228 1124 τὸν
1243 1099 1281 1109 -

212 1169 304 1228 αὐτὸν
326 1166 396 1246 ἐμέ]
429 1189 488 1248 qua
508 1171 539 1227 in
558 1169 757 1230 obtestationis
778 1171 871 1230 forma
890 1171 1028 1237 articulus
1050 1179 1202 1229 consuetus
1225 1179 1286 1243 est;

211 1274 246 1330 cf.
261 1271 401 1348 Agathias
422 1276 502 1333 anth.
525 1274 762 1347 partiturae,
783 1282 808 1335 l.
832 1285 861 1337 θῖ
876 1275 1045 1335 Callimachi
1066 1271 1138 1331 illud
1160 1271 1287 1349 elliptice

212 1376 318 1436 dictum
340 1379 393 1455 frg.
412 1378 479 1442 esd
502 1380 548 1439 ναὶ
568 1379 613 1458 μὰ
635 1376 698 1454 τόν,
720 1377 801 1458 quod
822 1377 962 1457 loquendi
981 1398 1072 1454 genus
1094 1378 1221 1436 imitatus
1242 1385 1286 1434 est

211 1482 353 1559 Agathias
373 1482 454 1540 anth.
477 1482 539 1539 Pal.
563 1481 633 1554 VII,
659 1490 728 1556 552,
752 1489 781 1544 2.

296 1587 369 1646 Cum
391 1587 609 1664 pronominibus
635 1588 773 1647 encliticis
801 1586 958 1665 particulae
978 1607 1097 1666 quoque
1117 1588 1288 1645 coniunctae

212 1694 286 1750 inter
301 1692 454 1751 articulum
466 1699 494 1750 et
503 1691 714 1752 substantivum
725 1694 955 1771 interponuntur,
967 1711 1042 1770 quae
1056 1691 1208 1751 disiunctio
1225 1710 1285 1749 non
1393 1771 1396 1776 1

212 1805 255 1855 θεῖ
276 1798 428 1871 inusitata3
452 1797 487 1854 cf.
505 1794 615 1855 Herod.
630 1800 665 1869 V,
689 1805 728 1860 46
752 1794 780 1856 αἱ
800 1789 857 1878 γάρ
878 1819 931 1873 μιν
952 1795 1134 1855 Σελινούσιοι
1149 1830 1191 1840 -
1207 1793 1283 1857 ἀπέ-

212 1922 338 1960 κτειναν.
365 1904 426 1978 jam
447 1901 545 1980 aliquo
567 1895 653 1960 modo
674 1901 811 1961 audacius
834 1902 907 1959 dixit
926 1900 1090 1977 Aeschylus
1110 1899 1206 1958 Prom.
1222 1886 1284 1961 '293

441 2005 476 2065 ’τό
499 2027 530 2065 τε
552 2000 608 2088 γάρ
629 2013 681 2083 μα’
700 2006 790 2081 δοκῶ,
813 2003 944 2087 ’ξυγγενὲς
967 2003 1061 2075 οὕτως

339 2089 345 2100 .
441 2107 640 2191 ἐσαναγκάζει,

213 2234 389 2302 quamquam
417 2216 536 2274 verbum
565 2215 645 2275 δοκῶ
673 2217 729 2276 hoc
754 2217 818 2276 loco
844 2238 898 2297 pro
927 2214 1064 2274 adverbio
1085 2208 1285 2289 accipiendum

213 2328 265 2378 θεῖ.
308 2320 380 2379 haec
402 2322 479 2383 enim
500 2323 597 2399 exigui
625 2319 763 2399 ponderis
782 2321 923 2382 vocabula
944 2319 1055 2380 facilius
1076 2318 1287 2386 interimuntur,
1334 2313 1343 2322 ⁵

212 2434 246 2483 ut
272 2423 352 2503 apud
380 2425 502 2485 Bionem
524 2431 555 2500 I,
586 2432 625 2489 26
652 2423 680 2486 oi
706 2423 734 2486 δ’
750 2426 808 2486 ὑπὸ
829 2425 918 2504 μαζοὶ
943 2422 1055 2503 χιόνεοι
1076 2423 1111 2483 τὸ
1138 2416 1288 2500 πάροιθεν

182 2570 184 2573 -
218 2525 353 2588 Ἀδώνιδι
375 2530 589 2612 πορφύρονται.

297 2634 396 2693 Aliam
417 2635 529 2694 articuli
550 2637 747 2696 traiectionem
768 2637 889 2694 strictim
910 2635 957 2692 hic
971 2632 1108 2708 significo,
1131 2651 1196 2690 cum
1212 2630 1285 2689 infra

213 2727 251 2797 ad
272 2738 376 2797 similia
395 2741 640 2817 praepositionum
659 2740 822 2820 hyperbata
836 2742 890 2799 sim
905 2756 1081 2798 reversurus.
1117 2736 1283 2813 praesertim

213 2843 291 2920 apud
319 2851 418 2922 poetas
447 2846 570 2921 tragicos
598 2845 736 2904 articulus
765 2866 784 2903 a
810 2846 981 2924 pronomine
1008 2841 1116 2914 αὑτοῦ,
1148 2838 1227 2919 quod
1257 2847 1288 2896 et
1366 2846 1368 2853 ”

214 2946 299 3007 idern*
312 2947 351 3007 ad
370 2968 476 3008 nomen
497 2953 638 3028 pertinet,
668 2952 830 3026 seiungitur
854 2951 1002 3008 interiecto
1024 2945 1162 3005 vocabulo
1184 2941 1285 3014 αὐτός,

215 3050 293 3132 quod
313 3032 486 3113 adverbum
508 3053 691 3114 referendum
713 3064 772 3128 θεῖς
795 3056 836 3112 ita
858 3056 933 3112 enim
955 3072 1021 3109 cum
1043 3051 1185 3128 elegantia
1198 3067 1287 3128 quae·

214 3155 297 3230 dam,
323 3166 385 3216 turn
412 3152 537 3235 gravitas
559 3160 722 3238 quaeritur,
753 3156 833 3239 qnod
858 3157 977 3216 diversis
1006 3154 1133 3215 eiusdem
1154 3152 1286 3212 vocabuli

214 3263 311 3320 formis
342 3264 423 3321 iuxta
447 3265 548 3340 positis
569 3266 649 3323 notio
671 3263 738 3337 illa,
762 3282 836 3343 quae
857 3262 998 3321 vocabulo
1021 3257 1112 3330 αὐτός
1133 3261 1222 3330 inest,
1255 3259 1285 3315 in

214 3366 334 3425 clariore
362 3366 426 3426 luce
454 3367 609 3427 collocatur
641 3376 670 3426 θῖ
698 3370 792 3427 acrius
820 3371 851 3426 in
879 3386 964 3425 aures
990 3365 1075 3424 cadit.
1119 3363 1155 3422 cf.
1178 3361 1284 3420 Aesch.

214 3472 270 3548 Ag.
295 3476 372 3533 800:

407 3582 470 3647 τοῖς
492 3572 519 3635 τ’
541 3576 631 3646 αὐτὸς
653 3576 747 3635 αὑτοῦ
767 3575 903 3654 πήμασιν
923 3570 1097 3653 βαρύνεται.

214 3679 303 3757 Soph.
326 3678 374 3738 Αἰ.
402 3687 496 3742 1132:
532 3682 602 3751 τοὺς
628 3677 656 3761 γ’
686 3681 789 3751 αὐτὸς,
810 3680 904 3740 αὑτοῦ
933 3677 1100 3755 πολεμίους.
1144 3693 1240 3754 noque
1267 3694 1286 3732 a

215 3783 340 3861 pedestri
362 3787 492 3844 oratione
512 3786 587 3845 hanc
608 3785 824 3845 collocationem
844 3785 968 3845 alienam
998 3802 1061 3842 esse
1082 3789 1182 3860 postea
1203 3778 1286 3838 doce·

214 3890 300 3948 bitur.

299 3995 473 4072 Priusquam
494 3992 532 4050 ad
553 3991 720 4052 audaciores
741 3992 854 4052 articuli
880 3992 1081 4051 collocationes
1109 3990 1285 4068 perveniam,

215 4090 326 4177 aliquid
348 4099 419 4157 mihi
438 4108 481 4156 est
495 4095 757 4174 praemonendum.
790 4096 867 4174 apud
885 4097 1043 4155 Homerum
1066 4097 1141 4154 enim
1163 4102 1287 4152 ceteros·
