3034 4675
612 240 844 302 -145-

194 405 519 508 Aristophanisjersus
540 407 618 466 Nub.
645 412 703 470 788
985 497 986 500 ¹

382 529 427 601 τίς
448 521 484 608 ἦν
506 527 537 589 ἓν
557 514 577 613 ᾗ
598 527 784 607 perceptio
804 526 906 607 μέντοι
928 529 1077 612 sllicitum

194 655 341 728 angustias
370 662 399 711 et
426 652 609 712 difficultates
635 652 780 730 loquentis
801 654 936 733 exprimit
957 655 1085 712 traiectio
1107 655 1266 733 particulae

194 753 305 834 μέντοι,
328 777 403 836 quae
425 777 442 816 e
463 760 622 818 sententiae
642 760 753 817 ratione
776 777 841 816 cum
862 756 909 829 τίς
922 750 960 836 ἦν
976 767 1037 819 erat
1055 758 1264 837 coniungenda.

195 863 226 920 in
246 864 413 921 universum
442 865 529 940 igitur
549 871 653 940 poetae
675 862 729 920 soli
750 870 861 921 tantam
882 861 1032 922 audaciam
1054 872 1082 922 et
1101 862 1265 923 libertatem

196 965 250 1025 sibi
279 968 473 1047 permiserant
501 971 732 1047 recentioresque
755 969 868 1046 saepius
890 987 953 1026 eam
974 966 1157 1028 adsciverunt
1177 990 1265 1048 quam
1355 1011 1357 1014 -

195 1073 317 1151 antiqui.
362 1073 398 1130 cf.
421 1073 584 1133 Philodemi
606 1075 696 1153 epigr.
719 1073 799 1131 anth.
823 1071 885 1130 Pal.
906 1072 935 1132 V
964 1077 1030 1146 112,
1057 1081 1073 1135 5
1092 1093 1135 1153 sq.

307 1193 357 1254 καὶ
378 1193 493 1269 παίζειν
515 1194 563 1256 ὅτε
586 1194 698 1275 καιρὸς,
722 1193 900 1272 ἐπαίξαμεν·
921 1193 1009 1272 ἡνίκα
1031 1195 1082 1255 καὶ
1103 1204 1156 1255 νῦν

414 1298 520 1377 οὐκέτι,
543 1296 685 1380 λιιιϊτίρης
707 1298 865 1381 φροντίδος
887 1296 1048 1377 ἁψόμεθα.

196 1443 260 1483 cum
289 1420 425 1480 adverbio
455 1429 508 1480 νῦν
536 1423 622 1480 etiam
652 1421 793 1502 particula
819 1421 981 1502 copulativa
1007 1425 1181 1504 transposita
1206 1434 1264 1500 est3

195 1547 263 1586 nam
285 1531 337 1586 καί
357 1524 512 1605 respondet
534 1526 617 1586 alteri
640 1526 694 1586 καί
713 1529 744 1585 in
765 1528 847 1585 initio
873 1547 973 1587 versus
994 1528 1131 1587 collocato
1152 1538 1182 1587 et
1203 1532 1265 1589 iun·

194 1631 321 1711 gendum
351 1640 393 1690 est
420 1630 471 1690 καὶ
500 1638 553 1690 νῦν
573 1630 662 1709 ἡνίκα
690 1627 787 1692 οὐκέτι
809 1631 869 1690 scil.
894 1631 997 1713 καιρός
1018 1628 1107 1693 ἐστιν.
1150 1637 1266 1712 egregie

194 1727 252 1798 huc
272 1739 341 1796 facit
361 1736 489 1828 Gallieni
510 1738 599 1815 epigr.
623 1736 703 1796 anth.
725 1738 788 1796 Pal.
811 1741 855 1800 XI
881 1743 948 1810 130,
974 1745 991 1798 5

324 1855 419 1938 ιίίηρὶ
439 1856 496 1937 μὲν
517 1854 687 1919 οὐατόεντι’
710 1858 858 1940 γενοίμην,
882 1855 1000 1919 εἴποτε
1022 1857 1143 1940 γράψω,

391 1961 508 2038 εἴκελος,
530 1960 581 2023 (ἐκ
602 1971 747 2042 ποταμῶν
766 1964 871 2046 χλωρὰ
889 1960 1068 2042 χελιδόνια,

194 2086 245 2145 ubi
266 2095 352 2166 poeta
373 2094 473 2167 aperte
494 2087 609 2167 respicit
630 2085 799 2146 Callimachi
820 2085 923 2159 locum,
947 2088 1027 2146 cuius
1042 2089 1181 2147 memoria
1193 2088 1266 2150 alias

103 2247 106 2256 .
194 2212 312 2273 qaoque
339 2201 451 2251 servata
479 2200 537 2265 est,
568 2191 605 2258 cf,
631 2190 686 2268 frg.
710 2190 899 2265 3208ι1ιυ.,
929 2191 996 2252 vide
1017 2192 1157 2251 Meinekii
1178 2193 1265 2255 Anal.

196 2297 280 2358 Alex.
303 2318 330 2379 p.
357 2302 428 2360 284.
469 2295 569 2357 eodem
598 2295 683 2356 modo
711 2297 742 2355 in
772 2300 1011 2359 constructionem
1039 2297 1186 2372 infinitivi,
1215 2302 1266 2381 qui

194 2402 303 2484 pendet
323 2424 341 2462 a
361 2404 450 2463 verbo
472 2404 623 2483 primario,
650 2402 861 2462 substantivum
890 2403 1031 2461 enuntiati
1059 2405 1188 2482 primarii
1208 2414 1265 2465 tra·

193 2512 299 2568 iectum
319 2509 426 2586 legitur
444 2508 554 2567 Mosch.
577 2512 619 2571 IV
640 2511 679 2569 85

361 2630 469 2712 οὐγὰρ
491 2629 553 2709 θὴν
575 2628 735 2708 νεμεσητὸν
756 2625 831 2710 ὑπὲρ
854 2627 955 2689 τίκνου
976 2628 1130 2710 γοάαοθαι

359 2734 466 2817 μητέρι
487 2732 722 2805 ὃυσπαθέοντος.

195 2859 309 2919 dativus
330 2855 436 2939 μητίρι
457 2870 542 2939 aptus
563 2867 606 2916 est
626 2876 645 2914 a
667 2853 830 2934 νεμεσητόν
850 2864 880 2915 et
900 2875 1004 2933 magna
1025 2876 1090 2917 cum
1112 2861 1155 2932 vi,
1181 2861 1265 2939 qaod

195 2966 225 3022 iu
247 2983 282 3023 eo
304 2983 392 3042 grave
416 2965 575 3023 sententiae
596 2959 710 3042 pondus
732 2971 878 3033 versatur,
909 2964 990 3020 initio
1012 2982 1110 3023 versus
1138 2967 1264 3045 ponitur.

194 3073 354 3149 comparari
374 3052 469 3150 polest
488 3069 593 3128 Maecii
614 3069 704 3147 epigr.
726 3067 808 3126 anth.
830 3066 893 3125 Pal.
912 3068 941 3126 V
970 3072 1024 3130 133

320 3186 414 3270 ὤμοσ’
438 3188 494 3271 ἐγὼ
516 3189 570 3250 δύο
587 3189 696 3259 νύκτας
718 3183 773 3270 ἀφ’
795 3184 946 3270 Ἡδυλίου,
969 3182 1137 3271 Κυθέρεια,

405 3295 458 3356 σὸν
481 3293 590 3378 κράτος
610 3291 782 3373 ἡσυχάσειν.

195 3436 292 3498 neque
320 3419 516 3478 Romanorum
543 3427 645 3498 poetae
672 3438 691 3475 a
719 3415 806 3475 simili
827 3414 1021 3505 dispositionis
1041 3416 1194 3478 insolentia
1214 3418 1264 3479 ab·

195 3526 367 3596 stinuerunt,
391 3525 478 3581 immo
499 3525 604 3602 partim
625 3521 730 3600 cupide
750 3541 814 3581 eam
835 3512 1027 3600 arripuerunt.
1060 3520 1150 3581 seda
1173 3525 1264 3584 minu·

194 3631 311 3688 tissimis
333 3626 486 3688 ordiamur.
527 3631 569 3688 sic
589 3627 758 3688 adverbium
781 3629 985 3707 transpositum
1006 3635 1050 3685 est
1070 3627 1155 3687 Lacr.
1170 3629 1187 3687 I
1202 3636 1218 3689 7
1224 3634 1263 3692 58

281 3772 411 3834 quorum
433 3762 593 3835 utrumque
612 3749 687 3835 qaid
708 3773 728 3812 ο
749 3769 821 3812 υονο
842 3749 905 3811 ium
926 3748 1014 3812 dictu
1035 3749 1168 3813 habedic.

197 3956 327 4006 compara,
340 3943 361 3991 si
373 3930 452 3992 habet
462 3943 561 4006 aliquid
577 3941 705 3999 utilitatis,
719 3949 748 3990 ut
760 3942 838 3989 talem
848 3939 1045 4003 dispositionem
1054 3941 1140 3989 mirari
1150 3942 1266 4004 desinas,

197 4046 211 4079 e
231 4031 378 4080 Theotiscis
397 4032 490 4080 litteris
509 4031 674 4080 Waltheram
699 4038 817 4079 nostrum
836 4045 861 4092 p.
881 4031 920 4092 10,
942 4028 974 4080 28
993 4028 1100 4078 Lachm.
1121 4038 1146 4078 et
1166 4030 1265 4078 Hartm

196 4120 241 4168 Iw.
264 4119 338 4171 1671.

247 4210 340 4255 Boldt.
353 4210 444 4252 Disscrl.
1080 4203 1110 4252 lll
