3034 4675
650 293 886 358 —154-

230 463 380 524 Nauckius
393 463 483 523 verba
495 466 598 537 iunxit,
621 472 654 551 ut
675 483 712 523 ex
735 465 796 522 eius
818 463 1050 542 interpunctione
1070 461 1205 539 colligere
1225 461 1301 521 licet.

230 578 331 630 contra
344 571 494 630 manifesto
511 567 754 649 deprehendimus
771 569 1023 647 transpositionem
1037 567 1093 625 huc
1111 565 1301 645 quadrantem

233 678 264 735 in
285 676 395 755 hymno
416 676 567 734 Homerico
590 679 636 738 Ill
659 680 719 737 379
742 691 787 754 sq'.
1282 677 1286 680 ’

384 780 425 852 ὡς
445 780 500 840 οὐκ
522 769 620 840 οἴκαδ’
647 775 760 841 ἔλασσα
781 777 867 858 βόας,
889 775 929 849 ὣς
951 776 1052 855 ὄλβιος
1072 774 1144 858 εἴην,

385 882 455 947 oeld'
477 882 552 965 ὑπὲρ
574 884 662 946 udddr
683 881 764 965 i'pirp‘.

231 1026 327 1086 neque
349 1005 463 1065 excedit
483 1003 655 1064 mediocrem
677 1004 828 1065 audaciam
848 1003 914 1063 talis
935 1006 1061 1084 positus,
1086 1024 1151 1063 cum
1173 992 1302 1063 enuntia·

231 1121 293 1172 tum
322 1114 490 1192 primarium
519 1113 595 1169 inter
623 1108 681 1170 duo
708 1111 827 1171 alterius
848 1112 1008 1170 sententiae
1028 1108 1158 1168 membra
1178 1128 1231 1189 per
1251 1107 1305 1168 καί

232 1235 343 1277 conexa
370 1237 401 1277 se
431 1219 617 1276 insinuaverit
625 1215 661 1298 ¹).
691 1236 882 1297 xquamquam
905 1216 1073 1275 Hermanno
1094 1223 1211 1275 auctore
1231 1215 1303 1274 baec

232 1322 320 1381 verba
349 1322 560 1402 interpolatoris
588 1323 670 1394 sunl,
701 1323 752 1402 qui
782 1324 841 1381 suis
867 1323 956 1401 ipsius
978 1322 1145 1380 commentia
1166 1320 1303 1380 Mercurii

234 1429 391 1488 orationem
414 1447 520 1505 augere
540 1426 683 1492 studebat.

317 1534 355 1592 Iu
383 1531 578 1594 Romanorum
604 1542 700 1592 autem
730 1535 809 1613 poesi
839 1534 897 1592 iam
925 1531 964 1591 ab
994 1528 1204 1611 antiquioribus
1232 1539 1300 1589 tern-

232 1639 352 1721 poribu's
373 1641 555 1704 traiectiones
568 1638 720 1698 verborum
743 1640 774 1697 iu
796 1638 975 1697 enuntiatum
991 1635 1190 1696 secundarium
1212 1636 1304 1695 iactae

233 1748 427 1806 inveniuntur.
471 1746 569 1824 itaque
590 1744 625 1803 cf.
648 1745 717 1802 Ter.
739 1743 811 1801 Hoc.
835 1746 886 1803 lv*
903 1748 927 1813 l,
953 1747 991 1802 55
1015 1762 1058 1821 eq.
1200 1725 1207 1737 ’

362 1862 417 1925 boc
438 1861 518 1925 mitt
532 1884 630 1924 arram
651 1884 688 1924 era
704 1861 852 1946 plurimis
875 1860 1004 1923 mireriis
1027 1860 1171 1923 relicuom

845 1970 946 2043 suerat
968 1966 1093 2040 pratum,

362 2075 389 2136 oi
407 2094 543 2157 puerum
567 2084 600 2135 ut
622 2073 729 2136 tollam
751 2084 846 2155 capot,
868 2073 977 2156 quoius
997 2093 1054 2134 noo
1076 2071 1143 2156 puio
1165 2072 1204 2133 ait

847 2177 995 2239 neacimao
1014 2185 1115 2259 pater,

236 2293 266 2344 et
285 2284 380 2344 Plaut.
403 2283 466 2344 Mil,
489 2284 528 2361 gl.
551 2287 593 2347 IV
617 2289 644 2358 3,
670 2288 708 2346 39
732 2303 775 2362 sq.

363 2427 441 2466 roric
461 2405 569 2466 adme
591 2413 623 2464 at
644 2403 753 2476 veniat,
773 2413 868 2475 uacat,
890 2399 1137 2475 Acroteleutium,

363 2509 507 2571 ancillula
529 2509 594 2570 eim
613 2531 649 2571 ac
669 2506 843 2570 Pleusicles.

237 2628 337 2689 eodem
359 2627 443 2687 modo
465 2646 675 2705 nonnunquam
694 2625 814 2685 verbum
834 2625 924 2684 ‘facio'
946 2625 1146 2704 interponitur,
1161 2631 1194 2682 ut
1208 2622 1305 2681 Plaut

236 2735 300 2793 Mil.
330 2733 369 2811 gl.
393 2738 438 2797 III
459 2740 502 2806 l,
528 2739 565 2794 67
590 2741 619 2791 et
650 2730 757 2810 Amph.
792 2730 864 2811 prol.
895 2737 944 2792 84.
971 2721 1171 2788 'cultissimae
1201 2725 1305 2787 deindo

235 2842 337 2899 aetatis
358 2847 460 2919 poetae
474 2839 563 2898 verba
576 2838 657 2897 finita
671 2838 832 2896 sententiae
852 2834 1039 2896 secundariae
1060 2833 1207 2894 includere
1220 2833 1305 2893 vehe-

236 2955 349 3007 menter
378 2943 522 3003 amabant.
565 2963 651 3022 quam
684 2940 832 3000 insolentis
867 2949 1027 3000 structurae
1060 2938 1241 2999 crebritatem
1272 2946 1306 2996 ut

235 3068 355 3110 numero
378 3051 440 3130 ipso
467 3050 742 3129 repraesentemus‚‘
756 3046 844 3128 pleno
874 3044 969 3104 modio
991 3044 1038 3103 hic
1063 3044 1306 3109 accumulabimus

237 3154 377 3236 exempla.
420 3156 550 3234 apprime
572 3153 629 3212 huo
650 3154 825 3211 conveniunt
844 3150 930 3210 Lucr.
954 3154 995 3213 VI
1019 3154 1079 3213 158
1153 3195 1156 3199 »

560 3295 628 3335 cum
647 3271 793 3353 conferrit
813 3269 1002 3351 frunpcntar
1024 3269 1056 3331 ira
1078 3280 1180 3331 artam

364 3377 496 3441 concreti
516 3386 641 3452 mantea,

238 3495 301 3556 Cat.
324 3501 375 3569 44,
401 3503 416 3555 7
438 3515 501 3574 sqq.
996 3577 1103 3640 tussim

1104 3624 1113 3651 9

407 3704 468 3746 nora
489 3683 661 3746 immerenti
680 3706 773 3768 qaam
794 3683 869 3746 mihi
889 3703 974 3745 meua
996 3692 1107 3754 aeriter,

406 3791 479 3852 dum
501 3800 695 3873 atemptuoouo
718 3799 841 3872 appete,
863 3787 955 3862 dedit,
980 3809 1096 3851 coenas.

323 3993 344 4060 1)
362 3996 452 4045 Placet
471 3969 751 4058 in'comparatiouem
770 4008 824 4042 non
841 3993 1011 4042 iniucundum
1028 3994 1112 4054 illam,
1129 4000 1159 4041 ut
1175 4000 1304 4055 putamus,

170 4118 172 4122 v
238 4099 286 4134 nec
305 4084 432 4146 inutilem,
451 4083 575 4133 adhibere
592 4098 626 4131 ex
643 4083 783 4132 vernacula
802 4083 895 4145 lingna
911 4082 1039 4131 Waltheri
1056 4081 1136 4130 verba
1153 4095 1178 4143 p.
1196 4080 1238 4140 65,
1257 4079 1304 4139 263

239 4174 280 4235 96,
300 4173 347 4237 223
368 4175 424 4235 100,
445 4173 475 4222 12
493 4172 599 4220 Lachm.

1422 4084 1479 4178 N

1440 4224 1484 4572 p
