3034 4675
637 240 868 304 -165-

217 411 351 472 similiter
373 420 506 485 eventus,
535 413 586 490 qni
609 430 625 469 1
651 413 747 490 priore
775 411 867 471 verbo'
892 413 1032 483 manavit,
1063 409 1175 469 mediae
1204 411 1290 470 huius

217 516 301 577 verbi
323 517 525 576 constructioni
548 517 676 589 infertur,
699 526 733 576 ut
753 517 832 597 apud
854 518 1012 576 Homerum
1033 515 1067 576 Il.
1091 520 1161 578 XVI
1187 521 1246 578 119

347 659 407 734 γνῶ
430 641 459 711 δ’
484 648 567 721 Αἴας
589 651 667 711 κατὰ
689 652 792 730 θυμὸν
812 652 963 732 ἀμύμονα,
987 646 1102 732 ῥίγησέν
1123 673 1164 726 τε,

349 754 421 839 έργα
441 760 534 831 θεῶν,

216 897 345 957 quocum
372 876 435 937 loco
461 878 590 936 conferas
620 876 655 935 Il.
679 877 749 938 XVI
773 882 832 937 530
849 897 893 957 sq.
936 875 974 934 ad
1003 875 1123 935 candem
1150 865 1291 935 {ationem
1390 891 1392 896 ’
1457 916 1459 924 1

217 980 397 1042 revocandus
426 983 547 1042 fortasse
566 992 619 1042 est
648 979 797 1060 Euripidis
824 1002 923 1041 versus
945 982 1011 1061 Iph.
1034 982 1123 1041 Taur.
1150 988 1236 1054 1309,
1260 983 1291 1039 in

219 1087 368 1148 codicibus
390 1087 439 1146 ille
459 1087 545 1147 valde
566 1087 754 1167 depravatus,
783 1096 817 1146 111
845 1087 930 1146 111111
953 1090 1058 1146 incerta
1082 1085 1160 1167 sits).
1204 1088 1290 1145 inter-

221 1192 290 1252 dum
311 1196 343 1252 in
363 1192 414 1252 tali
436 1201 597 1251 structurae
617 1193 709 1251 forma
730 1191 843 1267 accidit,
867 1201 899 1251 ut
913 1192 1186 1272 interpositoaltero
1201 1211 1291 1250 enun·
1379 1195 1382 1198 ’

218 1301 291 1358 tiato
306 1301 421 1379 incepta
435 1300 537 1378 prioris
552 1295 673 1357 membri
688 1299 860 1356 constructio
876 1306 1001 1356 mutetur
1020 1307 1050 1355 et
1069 1316 1086 1355 1
1107 1300 1290 1357 remotiorum

218 1404 365 1464 oblivione
392 1396 585 1462 anacoluthon
612 1404 725 1461 existat.
775 1403 810 1460 11.
834 1401 871 1462 G.
896 1399 1093 1461 Hermannum
1123 1400 1161 1461 ad
1188 1402 1288 1481 hymn.

202 1511 308 1584 *Hom
341 1512 372 1568 in
401 1509 464 1569 011.
495 1514 561 1569 153.
606 1509 652 1567 cui
680 1508 743 1566 loco
774 1507 938 1586 exemplum
967 1527 984 1566 e
1013 1509 1171 1566 nocentiore
1198 1517 1292 1567 aetate

216 1613 364 1691 subiungo
387 1615 562 1692 epigramma
588 1614 618 1671 in
641 1613 819 1671 Auxentium
841 1616 1038 1693 compositum,
1062 1615 1113 1692 qui
1135 1615 1166 1671 in
1186 1613 1292 1692 Cydno

217 1720 338 1778 flumine
366 1727 484 1794 pontem
518 1718 673 1777 firmiorem
702 1719 809 1777 fecerat
841 1739 928 1798 quam
956 1722 1007 1797 qui
1038 1730 1125 1777 antea
1155 1722 1293 1779 exstructi

218 1832 306 1884 erant
327 1823 383 1905 (nr.
405 1828 483 1886 tote
506 1821 647 1903 Kaibel.)=.
684 1827 716 1882 in
737 1824 788 1884 illo
809 1823 877 1883 inde
897 1844 915 1882 a
935 1845 961 1882 v.
985 1833 998 1884 7
1024 1823 1095 1883 haec
1116 1824 1251 1902 leguntur

307 1959 353 2020 ool
376 1948 406 2018 δ’
431 1955 506 2039 ὑπὲρ
528 1957 650 2034 ἀψίδων
672 1957 791 2030 αἰώνιος
811 1958 967 2041 ἐρρέζωται

245 2055 247 2062 ’
350 2102 389 2111 --
413 2062 462 2123 uel
484 2063 619 2141 ποταμὸς
641 2064 771 2143 πλήθων
792 2062 956 2147 πρηΰτερος
977 2062 1094 2125 τελέθει
1116 2099 1160 2110 --

188 2233 191 2240 Δ
253 2253 256 2259 .
308 2170 399 2242 αὐτὸς
419 2169 508 2248 τήνδε
530 2170 663 2251 φεφύραν
684 2168 886 2248 ἀνασχόμενος
898 2168 1099 2234 τελέσασθαι.

217 2306 309 2366 verba
333 2309 409 2366 enim
431 2306 522 2379 αὐτὸς
544 2345 582 2355 -
607 2304 809 2386 ἀνασχόμενος
837 2307 1037 2386 coniungenda
1066 2317 1133 2368 suut
1159 2328 1224 2369 cum
1246 2308 1292 2371 ool

219 2410 255 2472 δὲ
271 2448 312 2457 -
328 2411 483 2494 ἐρρίζωται
506 2421 534 2472 11
549 2411 662 2473 dativus
680 2411 931 2473 σοι’111111111111111
953 2417 1128 2474 nominativo
1150 2413 1250 2486 αὐτός,

306 2536 397 2594 Porro
427 2535 534 2596 densae
567 2536 715 2596 brevitatis
748 2533 875 2596 studium
910 2546 939 2596 11
969 2540 1126 2597 concinnae
1157 2540 1293 2598 orationis

219 2651 343 2702 venusta
377 2641 520 2718 elegantia
556 2639 635 2699 houd
666 2663 730 2702 raro
760 2645 790 2701 in
818 2643 920 2702 litteris
947 2641 1065 2702 Graecis
1087 2643 1208 2702 similem
1234 2662 1293 2703 ser-

222 2749 315 2806 monis
343 2747 596 2806 conformationem
625 2745 773 2826 suadebat.
825 2746 893 2806 inde
914 2746 1076 2826 explicandi
1099 2758 1165 2807 sunt
1186 2749 1217 2807 hi
1238 2748 1294 2809 loci

220 2852 311 2931 Soph.
335 2851 405 2910 Ant.
429 2856 490 2914 298
507 2871 550 2930 sq.
599 2872 602 2889 ·

270 2985 272 2988 ’
309 2963 373 3033 τόδ>
399 2970 564 3033 ἐκδιδάσκει
587 2972 637 3032 καὶ
659 2970 862 3053 παραλλάσσει
885 2970 995 3055 φρένας

280 3168 286 3179 .
306 3077 442 3160 χρήστας
462 3077 536 3159 πρὸς
557 3077 668 3158 αἰσχρὰ
690 3068 857 3158 αράγμαθ)
879 3077 1030 3139 ἵστασθαι
1052 3081 1180 3160 βροτῶν,

222 3224 253 3274 et
274 3214 344 3275 ibid.
369 3218 427 3277 537

443 3315 493 3374 καὶ
516 3316 706 3396 ’ξυμμετίσχω
728 3315 778 3375 καὶ
800 3313 881 3397 φέρια
903 3325 957 3394 τῆς
979 3316 1086 3401 αἰτίας,

201 3446 282 3532 'quo
310 3452 399 3511 altero
431 3452 563 3532 exemplo
593 3452 804 3513 animadvertas
830 3456 1071 3532 praepositionem
1093 3454 1147 3514 σύν
1169 3473 1185 3512 1
1205 3453 1295 3512 verbo

222 3557 414 3636 ’ξυμμετίσχω
450 3559 593 3637 pertinere
625 3562 711 3618 etiam
745 3558 783 3617 ad
815 3555 906 3640 φέρω.
962 3559 1040 3618 hisce
1077 3558 1189 3619 duobus
1225 3560 1294 3618 locis

229 3730 436 3737 -——--—-—.

312 3827 333 3893 ¹)
351 3831 424 3884 Haec
437 3834 498 3879 dum
517 3832 637 3894 exempla
655 3832 824 3894 contemplor,
844 3832 913 3880 subit
930 3834 1044 3882 animum
1062 3834 1186 3882 memoria
1205 3833 1296 3885 similis

224 3920 427 3968 constructionis
440 3920 467 3968 in
481 3920 636 3968 carminibus
650 3930 799 3970 nostrorum
813 3930 956 3983 poetarum,
970 3936 1035 3983 quos
1049 3923 1182 3971 saeculum
1196 3937 1221 3984 p.
1235 3922 1297 3970 Chr.

225 4009 331 4057 tertium
350 4010 478 4057 decimum
498 4008 572 4055 vidit.
596 4009 710 4071 exempli
728 4010 812 4071 gratia
831 4010 862 4056 cf.
881 4010 1044 4058 Waltherum
1057 4013 1132 4075 p.53‚
1149 4011 1178 4060 18
1191 4011 1296 4060 Lacbm.

224 4103 252 4143 et
270 4097 462 4146 Hartmannum
483 4095 571 4145 lwein.
590 4098 640 4148 924
658 4114 695 4160 sq.
