3034 4675
666 243 926 353 -ιδι-,

330 445 524 523 Antiquarum
550 443 714 521 linguarum
741 442 868 503 studium
884 493 886 498 ι
900 445 1032 520 graviora
1064 443 1202 503 vocabula
1234 464 1315 524 prae·

246 549 373 628 ponendi
407 551 493 608 etiam
528 549 559 607 in
591 551 806 629 participiorum
836 551 1048 609 constructione
1079 548 1158 629 apud
1189 549 1316 609 Graecos

246 656 448 715 insolentiores
468 654 650 713 traiectiones
670 654 771 713 effecit.
816 656 840 713 si
863 656 939 713 enim
960 657 1141 735 participium
1163 671 1227 713 oum
1250 656 1317 712 arti·

245 761 310 821 culo
338 764 522 821 coniunctum
550 768 608 832 est,
640 779 674 818 ea
701 761 838 819 orationis
859 760 1004 831 membra,
1032 780 1146 839 quasa
1167 761 1316 840 participio

246 875 386 944 reguntur
415 874 444 924 et
473 883 490 922 e
517 864 629 941 vulgari
657 843 811 924 verborum
843 864 944 923 ordine
971 866 1091 924 articulo
1116 874 1145 923 et
1165 867 1316 945 participio

245 969 422 1031 intercedere
436 978 489 1028 aut
501 971 651 1049 participio
665 971 799 1049 proxime
814 969 951 1049 subsequi
973 968 1088 1043 debent,
1109 990 1318 1050 nonnunquam

244 1083 469 1156 anteponuntur.
503 1075 560 1134 huc
574 1077 700 1155 pertinet
713 1074 866 1134 verborum
888 1077 977 1133 series
998 1077 1113 1152 tragicis
1134 1077 1318 1134 usitatissima
1394 1086 1397 1091 ’

245 1180 347 1263 πατήρ
376 1175 444 1241 u’d
472 1178 590 1240 κτανών
618 1181 707 1261 Soph.
729 1179 765 1239 Ο.
789 1180 821 1240 0.
846 1185 923 1253 994,
953 1180 1055 1262 μήτηρ
1081 1176 1109 1240 σ’
1132 1180 1151 1258 ἡ
1173 1189 1318 1257 reactus,

246 1286 312 1346 vide
325 1283 555 1346 Herwerdenum
565 1285 603 1344 ad
614 1286 716 1365 Eurip.
725 1286 747 1345 J
748 1305 794 1346 on.
809 1293 846 1347 67
856 1293 879 1357 l,
888 1294 1036 1365 praeterea
1047 1286 1082 1343 cf.
1093 1286 1183 1365 Soph.
1196 1287 1243 1346 Αἱ.
1257 1292 1315 1349 522

439 1408 529 1491 χάρις
547 1407 639 1491 χάριν
660 1407 718 1492 γάρ
739 1408 820 1470 ἔστιν
842 1410 860 1489 ἡ
881 1407 1012 1470 τιίιτοιισ’
1036 1409 1085 1469 ἀεί

246 1546 275 1596 et
304 1535 339 1596 Ο.
369 1538 405 1595 It
440 1542 517 1598 1329
548 1555 609 1614 sq,
642 1536 822 1594 Batrachom.
853 1557 881 1601 v,
914 1543 960 1614 13Ἰ
981 1534 1027 1606 τίς
1047 1533 1084 1594 δι’
1108 1532 1136 1595 σ’
1164 1534 1318 1617 δούσας,-

245 1642 416 1723 plerumque
437 1640 485 1698 hic
505 1638 576 1700 ordo
592 1639 744 1700 verborum
767 1660 883 1699 causam
904 1639 994 1699 habet
1013 1640 1193 1714 rhetoricam,
1207 1650 1241 1700 ut
1256 1660 1317 1699 ver-

203 1807 204 1818 ,
245 1748 314 1807 bum
336 1745 464 1828 pondere
485 1745 654 1830 praevalens
674 1748 868 1826 antepositum
890 1748 1026 1805 maiorem
1048 1755 1240 1825 consequatur
1261 1765 1317 1805 em·

245 1853 367 1933 phasin3
396 1850 552 1930 aliquando
579 1860 676 1910 autem
704 1871 841 1911 numerus
870 1854 1007 1911 orationis
1029 1851 1075 1910 vel
1096 1853 1210 1911 suavior
1231 1871 1318 1910 sonus

245 1958 292 2017 vel
313 1961 400 2017 etiam
421 1965 544 2016 metrum
565 1957 653 2015 talem
671 1956 887 2016 collocationem
907 1966 1019 2034 gratam
1042 1967 1070 2016 et
1091 1966 1237 2038 acceptam
1254 1956 1318 2016 red-

245 2064 329 2123 didit
371 2065 464 2125 sicin
486 2063 583 2122 Aiacis
604 2081 690 2121 versu
711 2062 792 2121 vides
811 2061 940 2121 eiusdem
961 2061 1093 2122 vocabuli
1116 2062 1241 2122 diversas
1263 2065 1319 2122 for·

246 2189 308 2228 mas
329 2170 385 2244 hoc
405 2166 490 2228 modo
512 2176 575 2226 arte
593 2170 765 2247 compositas
791 2186 873 2226 esse·
907 2164 944 2227 de
965 2186 1097 2227 sermone
1118 2168 1258 2248 pedestri,
1285 2170 1319 2241 ,in

246 2295 303 2355 quo
326 2284 355 2334 et
375 2277 438 2355 ipso
460 2272 568 2335 similes
582 2261 824 2350 transgressiones
845 2275 950 2353 passim
966 2283 1128 2347 occurrunt,
1144 2274 1210 2334 vide
1224 2276 1319 2334 Κοιο-

245 2400 346 2458 gerum
368 2381 384 2437 I
408 2387 457 2452 50,
485 2386 531 2451 10,
558 2385 585 2451 l,
611 2378 814 2439 Heindorfium
834 2378 873 2437 ad
894 2379 968 2439 Plat.
991 2379 1178 2439 Phaedonem
1196 2403 1225 2461 p.
1252 2388 1319 2443 139.

245 2495 394 2567 praeterea
423 2485 458 2542 cf.
488 2484 581 2543 simile
609 2485 774 2564 exemplum
802 2486 896 2544 Thac.
919 2485 967 2543 HI
993 2494 1028 2547 15
1058 2486 1107 2544 xci
1134 2486 1188 2564 τὴν
1216 2486 1246 2557 ἐς
1267 2487 1321 2565 τὴν

247 2572 387 2668 Ἀστικὴν
400 2588 526 2666 ἐσβολὴν
540 2596 603 2660 τοῖς
623 2610 655 2648 τι
670 2584 848 2667 Σομμοὶχοις
870 2599 998 2672 παροῦσι
1021 2591 1098 2651 κατὰ
1120 2586 1209 2670 τάχος
1230 2589 1319 2673 ippo-
1384 2666 1386 2670 λ

248 2694 297 2771 ζον
320 2693 394 2755 ἷὲναι
416 2693 445 2765 ἐς
467 2694 519 2753 τὸν
535 2683 665 2771 Ἰσθμὸν
686 2700 748 2764 τοῖς
769 2694 824 2753 δύο
844 2693 964 2776 μέρεσιν
986 2696 1027 2766 ὡς
1048 2694 1247 2776 ποιησόμενοι,
1269 2698 1321 2757 ubi

247 2802 336 2860 verba
357 2799 412 2878 τὴν
434 2798 463 2871 ἐς
485 2799 539 2877 τὴν
556 2795 601 2862 Ἀ.
617 2798 681 2876 iod.
703 2820 722 2857 a
740 2802 892 2880 participio
908 2801 948 2872 ὡς
970 2800 1160 2881 ποιησόμενοι
1182 2802 1318 2883 pendent.

246 2927 343 2988 neque
364 2906 421 2965 alia
443 2914 487 2965 est
507 2908 579 2963 ratio
599 2907 630 2963 in
652 2904 793 2964 infinitivo
816 2905 905 2986 Soph.
929 2908 1035 2966 Trach.
1060 2915 1098 2970 65
1122 2929 1165 2988 sq.

375 3029 413 3093 σὲ
456 3029 591 3112 πατρὸς
632 3029 723 3090 οὕτω
764 3030 874 3111 δαρὸν
913 3030 1128 3110 ἓξενοιμένου

375 3136 410 3196 τὸ
430 3134 473 3213 μὴ
496 3133 655 3195 πυθέσθαι
678 3144 737 3196 nod
752 3128 842 3213 ’στιν,
865 3136 1008 3216 αἰσχύνην
1031 3142 1123 3219 φέρει,

149 3316 156 3329 s
249 3285 307 3343 quo
330 3264 392 3322 loco
414 3258 456 3333 σέ,
481 3259 559 3338 quod
581 3263 701 3321 articulo
725 3272 754 3321 et
773 3263 913 3321 infinitivo
928 3262 1135 3323 includendam
1148 3274 1218 3337 erat,
1238 3267 1319 3324 initio

247 3371 372 3449 positum
396 3375 451 3440 est,
482 3368 551 3443 quia
580 3366 657 3425 hunc
677 3349 858 3448 potissimum
879 3367 952 3426 illud
972 3388 1059 3446 agere
1081 3370 1239 3448 oportebat.
1284 3374 1320 3431 si·

228 3472 323 3531 ,milis
352 3491 439 3531 causa
465 3473 660 3547 cognoscitur,
691 3473 741 3533 ubi
771 3472 931 3532 membrum
951 3473 1086 3553 aliquod,
1115 3474 1193 3555 quod
1215 3497 1232 3534 a
1253 3477 1319 3535 sub·

247 3581 371 3638 stantivo
386 3596 451 3636 cum
469 3577 590 3635 articulo
612 3577 720 3658 pendet
741 3587 771 3636 et
792 3579 837 3638 his
858 3578 1004 3639 vocabulis
1026 3583 1170 3661 interponi
1186 3580 1318 3652 debebat,

246 3683 338 3742 libere
353 3684 548 3762 praepositum
567 3691 618 3755 cst,
641 3691 674 3742 ut
694 3682 774 3763 apud
789 3684 992 3762 Thucydidem
1014 3687 1029 3744 I
1051 3693 1108 3749 133
1130 3686 1206 3747 ἀλλὰ
1221 3686 1320 3746 πίστιν

248 3786 280 3847 ἐκ
303 3795 357 3847 τοῦ
378 3784 458 3869 ἱεροῦ
479 3784 614 3858 διδόντος
635 3794 689 3866 τῆς
711 3780 911 3860 ἀναστάσεως.

332 3913 506 3993 Saepissime
527 3923 638 3987 autem,
662 3933 737 3993 quae
757 3935 777 3973 a
799 3918 949 3997 participio
971 3927 1126 3994 reguntur,
1155 3916 1320 3996 praedicato

248 4019 431 4093 dirimuntur,
454 4040 512 4099 qua
534 4019 650 4098 quidem
672 4023 841 4079 traiectione
862 4023 937 4082 nihil
960 4023 1156 4102 frequentium
1186 4024 1221 4082 cf.
1245 4024 1319 4082 Plat.

247 4125 323 4204 apol.
343 4146 372 4201 p.
390 4129 454 4187 24c
475 4124 548 4205 φησὶ
570 4124 627 4205 γὰρ
649 4125 686 4204 δὴ
709 4128 780 4197 τοὺς
801 4125 883 4199 νέους
898 4127 1013 4187 ἀδικεῖν
1033 4151 1071 4206 με
1088 4128 1319 4209 διαφθείροντα.
