3034 4675
645 299 854 363 -76—

307 471 436 529 Maxima
465 467 570 529 deinde
597 471 650 528 vis·
668 477 697 528 et
718 473 858 547 gravitas,
885 490 961 550 quae
980 471 1089 547 figurae
1110 471 1170 531 ἀπὸ
1192 480 1293 532 καινοῦ

199 577 338 653 ‘propria
358 585 409 648 est,
432 575 488 634 illis
510 574 579 635 locis
599 584 734 652 apparet,
759 576 864 655 quibus
886 575 1083 653 praedicatum
1104 578 1151 636 vel
1172 579 1292 638 verbum

222 677 335 740 finitum
353 682 437 741 alteri
458 681 586 740 membro
608 681 782 759 praefigitur.
812 684 925 741 animus
941 685 1018 741 enim
1030 682 1174 742 audientis
1196 684 1293 761 legen·

222 790 296 846 tisve
308 790 349 847 sic
362 789 456 847 acrius
470 787 573 846 feritur
593 797 682 867 atque
703 789 735 845 in
755 789 852 863 priore
873 796 956 863 parte
971 787 1010 846 ad
1030 807 1092 847 rem
1105 791 1221 865 gravius
1243 789 1292 848 ad-

222 896 343 952 vertitur
372 901 408 951 et
421 894 504 971 quasi
532 901 665 969 urgetur,
695 891 775 972 quod
799 893 1030 969 supplementum
1052 870 1178 953 'mancae
1198 893 1293 954 adhuc

223 1000 359 1092 orationis
382 998 540 1070 desiderat,
571 1007 599 1056 et
626 998 681 1056 hoe
707 1000 772 1073 ipso
793 1007 938 1058 momento
960 1002 1041 1077 vigor
1063 1008 1092 1058 et
1113 1000 1296 1059 vehementia

224 1106 360 1164 orationis
388 1106 558 1163 continetur.
603 1102 745 1163 Pindarus
768 1103 865 1182 quoad
893 1103 952 1163 vidi
981 1108 1090 1180 primus
1119 1109 1160 1165 sic
1181 1105 1294 1182 praedi·

223 1219 318 1269 catum
340 1209 488 1268 collocavit
510 1207 555 1267 01.
579 1212 620 1272 VI
632 1189 679 1269 “41
700 1229 743 1287 sq.
794 1273 798 1280 ,

704 1316 743 1400 τᾷ
763 1312 820 1392 μὲν
841 1313 857 1373 ὁ
879 1313 1084 1397 Χρυσοκόμας

349 1417 523 1502 πραΰμητίν
545 1415 572 1478 τ’
595 1415 769 1479 Ἐλείθυιαν
789 1417 974 1502 παρέστασέν
995 1443 1027 1480 τε
1050 1420 1182 1502 Μοίρας.

224 1527 328 1587 deinde
350 1535 453 1604 poetae
474 1524 667 1584 Alexandrini
685 1533 713 1583 et
733 1527 785 1603 qui
812 1545 910 1585 eorum
938 1526 1175 1587 consuetudinem
1196 1548 1296 1588 secun·

225 1643 288 1707 tur,
318 1632 393 1691 hanc
420 1629 534 1690 dicendi
564 1632 687 1706 speciem
707 1650 805 1709 ⁴quam
833 1635 959 1691 maxime
986 1633 1215 1713 frequentarunt.
1258 1636 1294 1693 of.

225 1737 336 1797 Gallim.
361 1737 388 1794 h.
413 1737 463 1798 ΠΙ,
483 1741 522 1797 24

374 1840 420 1902 ὅτι
441 1863 479 1919 με
502 1841 552 1900 καί
571 1839 714 1901 τίκτουσα
736 1839 786 1899 καί
809 1841 862 1900 οὐκ
884 1842 990 1922 ἤλγησε
1013 1841 1154 1926 φέρουσα,

225 1949 323 2026 Apoll.
346 1934 441 2009 Rhod.
463 1947 508 2006 IV
531 1955 548 2009 4
569 1966 613 2025 sq.

378 2050 397 2132 ἢ
420 2050 488 2130 ἔμεν
506 2041 579 2131 dape
597 2059 685 2131 πῆμα
707 2049 868 2133 ὁσσιμὲροα
890 2045 910 2131 ἦ
930 2050 993 2134 τόγ’
1015 2052 1124 2115 ἐνίσπω

378 2157 474 2240 φύζαν
495 2156 651 2238 ἀεικελίην.
703 2227 707 2232 ¹

225 2274 373 2347 praeterea
395 2265 493 2323 Nonni
515 2264 640 2343 Dionys.
662 2263 723 2323 XV
747 2270 807 2324 316
834 2283 888 2343 sq,
915 2264 1012 2323 XXX
1035 2270 1084 2340 33,
1108 2265 1295 2343 Antipatrum

225 2372 304 2430 anth.
327 2370 391 2432 Pal.
414 2374 455 2432 VI
483 2377 555 2444 118,
581 2378 597 2432 5
622 2390 682 2448 sq,
706 2368 893 2445 Antipatrum
914 2370 1065 2430 Sidonium
1086 2372 1135 2430 IX
1165 2377 1241 2445 724,
1267 2377 1295 2445 2,

227 2477 362 2536 Archiam
385 2479 426 2538 VI
454 2481 498 2547 16,
523 2483 599 2553 sssq.
634 2473 712 2550 apud
734 2476 879 2534 Romanos
901 2477 957 2534 iam
980 2477 1093 2536 Ennius
1114 2477 1190 2536 hauc
1211 2477 1296 2536 collo-
1335 2535 1337 2538 ⁴
1439 2472 1443 2479 ’

226 2584 366 2641 sationem
381 2578 494 2668 videtur
509 2578 672 2655 admisissa3
696 2600 763 2638 nam
785 2582 816 2639 iu
838 2582 899 2639 eius
919 2581 1050 2641 versibus
1071 2583 1102 2641 in
1124 2585 1297 2659 tragicorum

226 2688 393 2765 fragmentis
412 2705 430 2742 a
451 2683 611 2743 Ribbeckio
634 2686 737 2743 iterum
759 2683 844 2744 editis
864 2707 894 2766 p.
919 2691 957 2748 42

269 2791 494 2873 astroloqorum
512 2790 600 2872 siqua
621 2791 654 2852 e'a
676 2790 758 2853 eaelo
773 2791 890 2874 quaesit
906 2791 1054 2866 observat,
1071 2792 1155 2853 Iovis

269 2919 338 2959 cum
360 2918 456 2980 capra
479 2904 532 2957 aut
553 2916 634 2979 nepa
650 2904 702 2956 aut
724 2895 865 2958 emoritur
883 2916 1002 2960 momen
1025 2897 1150 2981 aliquod
1172 2894 1285 2968 beluae,

227 3003 347 3063 verbum
364 3000 520 3072 ‘exoritur’,
536 2998 612 3078 quod
630 3001 716 3058 etiam
733 2998 772 3057 ad
793 3002 890 3076 priora
911 2999 1039 3061 subiecta
1059 3002 1191 3077 pertinet,
1215 3019 1298 3075 prae·

226 3111 352 3185 positum
387 3114 430 3165 est
465 3108 558 3167 tertio.
616 3105 780 3181 politissimi
821 3108 928 3164 autem
950 3109 1018 3165 'aevi
1061 3114 1165 3182 poetae
1200 3105 1298 3164 Latini

174 3208 175 3211 ’
226 3211 491 3271 Alexandrinorum
519 3219 668 3286 poetarum
697 3212 857 3271 imitatione
884 3212 1022 3287 paulatim
1050 3211 1200 3270 assuefacti
1224 3211 1299 3268 hanc

153 3342 156 3351 r
227 3318 348 3393 figuram
376 3315 500 3375 libenter
527 3317 720 3391 arripuerunt.
765 3337 852 3395 quam
869 3337 946 3376 -cum
975 3321 1105 3393 impense
1129 3318 1298 3389 amaverint,

227 3441 286 3481 uon
309 3440 381 3496 opus
403 3440 464 3479 esse
484 3419 613 3493 videtur,
643 3431 676 3479 ut
703 3422 962 3498 omnia-exempla
992 3426 1104 3500 integra
1125 3423 1181 3479 huc
1203 3442 1298 3484 coram

109 3583 112 3593 ,
227 3525 423 3601 adducantur3
443 3545 611 3601 expromam
631 3526 704 3585 haec
725 3527 788 3587 Cat.
812 3533 862 3601 30,
886 3532 903 3584 3

311 3631 375 3694 iam
396 3653 443 3694 me
460 3633 607 3715 prodere,
629 3632 693 3695 iam
715 3654 777 3695 uon
799 3630 921 3694 dubitas
943 3631 1060 3711 fallere,
1075 3631 1215 3715 perfide?

226 3745 256 3796 et
276 3735 343 3798 Tib.
366 3742 380 3798 1
403 3741 431 3810 3,
456 3743 495 3797 66

408 3842 577 3905 Messalam
591 3852 683 3905 'terra
705 3843 779 3904 dum
799 3843 991 3926 sequiturque
1015 3841 1105 3907 mari.

227 3958 376 4024 praeterea
396 3948 431 4006 cf.
456 3946 543 4022 Prop.
564 3951 594 4010 ΙΙ
616 3956 643 4020 9,
669 3953 718 4020 31,
749 3951 795 4010 ΙΙΙ
820 3954 867 4020 12,
892 3953 945 4020 24,
978 3948 1048 4006 Hor.
1072 3954 1124 4005 sat·
1148 3950 1163 4008 I
1188 3951 1223 4018 8,
1248 3950 1298 4018 34,

227 4072 313 4112 carm.
336 4057 352 4115 I
374 4057 403 4125 2,
427 4057 476 4124 49,
504 4056 534 4114 ΙΙ
558 4060 585 4124 7,
611 4057 661 4125 25,
690 4058 705 4114 Ι
728 4057 777 4125 22,
802 4059 830 4125 6,
861 4050 914 4115 OV.
937 4072 1025 4111 amor.
1049 4056 1064 4113 I
1088 4059 1115 4123 6,
1149 4059 1204 4126 143
1232 4048 1300 4109 vide

227 4159 394 4217 Dissenium
422 4153 460 4214 ad
488 4155 555 4215 Tib.
578 4161 593 4218 I
620 4163 652 4230 1,
678 4164 725 4218 51.
774 4155 991 4228 Heindorfium,
1019 4159 1070 4234 qui
1091 4154 1129 4213 ad
1152 4156 1224 4217 Hor.
1244 4163 1298 4214 sat.
