3034 4675
638 295 681 305 -
721 247 787 325 '156
830 296 873 306 -

219 446 287 487 vero
318 424 439 489 Ovidius
467 430 542 488 hanc
568 428 650 491 verbi
678 433 925 511 interpositionem
953 395 1012 491 tam
1039 433 1207 511 frequenter
1235 432 1291 492 sihi

219 531 348 607 adscivit,
371 542 404 594 ut
425 535 515 594 multo
536 554 591 595 usu
612 555 677 595 eam
698 535 758 596 fere
779 538 927 615 vulgarem
949 534 1090 598 redderet.
1122 556 1289 617 expromam

219 637 292 697 haec
312 659 369 699 am.
392 644 438 704 III
468 649 492 714 1,
517 650 535 703 6

370 764 454 848 quod
474 783 551 846 meo,
574 763 768 848 quaerebam,
791 757 880 829 musa
901 776 1033 829 moueret
1055 788 1141 850 opus,

108 941 112 952 .
221 884 295 946 trist.
318 887 360 948 IV
384 889 454 956 6‚9

336 1016 464 1090 tempus,
487 1016 520 1068 ot
542 1005 667 1071 autentos
689 1017 811 1081 tumeat,
834 1008 917 1086 facit,
940 1031 1011 1084 soa,
1033 1010 1183 1084 racemis,

219 1137 369 1208 praeterea
378 1128 413 1187 cf.
423 1145 489 1187 met.
499 1128 515 1187 Ι
524 1134 582 1193 763
592 1149 647 1208 sq„
659 1134 736 1191 artI
749 1135 810 1191 399
818 1149 861 1209 sq.
878 1150 1086 1210 nonnunquam
1096 1142 1211 1210 praeter
1219 1131 1290 1191 alias

218 1234 344 1292 rationes
372 1233 426 1292 hac
454 1236 630 1294 traiectionis
659 1236 754 1315 specie
782 1235 944 1296 consultum
971 1234 1101 1310 videtur,
1124 1245 1157 1295 ut
1178 1234 1290 1296 duobus

219 1357 317 1398 versus
346 1337 547 1416 hemistichiis,
578 1340 662 1398 alteri
688 1339 877 1413 adiectivum,
906 1340 989 1400 alteri
1018 1340 1228 1401 substantivum
1248 1361 1290 1400 as·
1382 1381 1387 1390 »

220 1445 391 1521 signaretur.
424 1446 464 1502 sic
486 1448 516 1504 in
537 1442 591 1504 Ov.
615 1448 687 1507 trist.
710 1451 753 1508 IV
776 1453 804 1518 5,
829 1451 864 1535 21
884 1466 927 1526 sq.

419 1580 447 1631 et
468 1577 567 1632 tutore
590 1548 682 1652 rapat
703 1568 780 1631 natta·
798 1567 955 1650 concubitu,
977 1569 1006 1632 si
1025 1589 1096 1642 non,

391 1684 394 1690 '
417 1674 471 1758 qui
490 1672 594 1736 mersit
618 1673 735 1757 Styyia,
757 1673 887 1736 sublevet
910 1674 995 1748 itud,
1018 1696 1100 1758 aquo

219 1796 371 1855 artificioso
385 1795 539 1855 verborum
560 1794 662 1855 ordine
680 1795 851 1855 attributum
872 1804 901 1854 et
921 1795 1131 1856 substantivum
1153 1799 1183 1855 in
1200 1798 1289 1856 hemi-

218 1901 386 1962 stichiorum
399 1901 457 1961 fine
471 1899 625 1960 distributa
638 1901 781 1978 leguntur.
816 1899 917 1984 eadem
931 1910 976 1960 est
989 1921 1075 1961 causa
1085 1900 1138 1963 Ov.
1151 1923 1188 1962 ex
1198 1903 1232 1962 P.
1242 1908 1289 1967 III

221 2011 249 2081 3,
271 2012 320 2069 98.
360 2014 487 2066 ceterum
508 2004 590 2076 vide,
619 2026 694 2086 quae
723 2006 931 2087 disputavimus
953 2008 983 2066 in
1005 2007 1022 2086 ᾗ
1046 2012 1074 2069 8.
1112 2017 1172 2067 tota
1193 2017 1289 2069 autem

218 2114 361 2173 sententia
374 2111 521 2192 complura
535 2112 624 2171 verba
641 2111 886 2192 comprehendens
901 2115 1069 2191 interposita
1082 2123 1126 2173 est
1140 2107 1288 2174 ehuntiato

218 2216 386 2278 secundario
409 2215 463 2278 Ov.
485 2217 530 2277 Ib.
555 2224 572 2280 3
596 2237 642 2297 sq.

334 2343 486 2426 nullaque,
506 2362 582 2426 quoe
603 2341 712 2425 possit,
735 2340 858 2424 sumptis
881 2351 924 2403 tot
943 2341 1067 2404 milibus
1089 2353 1171 2406 estat

455 2446 556 2509 littera
578 2445 728 2521 Nasonis,
750 2445 981 2528 sanquinoleoto
1003 2447 1062 2530 lupi

220 2577 249 2628 et
270 2577 325 2628 art.
348 2571 446 2631 1423

348 2712 425 2773 quos
447 2689 509 2764 itta,
530 2689 686 2773 inspicias,
710 2710 818 2773 supere
838 2702 872 2752 ut
893 2692 1025 2765 videare,
1045 2689 1175 2773 royano.

218 2820 394 2893 postremum
408 2812 551 2892 Propertii
572 2811 667 2871 locum
689 2810 894 2885 adnotaverim‚
910 2832 969 2892 quo
991 2812 1103 2872 codices
1123 2811 1289 2892 interpolati

218 2917 405 2979 hemistichiis
431 2920 611 2998 transpositis
643 2920 806 2997 quaesitum
838 2927 939 2998 poetae
971 2916 1120 2977 artificium
1153 2916 1287 2997 perdunt,

218 3028 249 3088 II
272 3032 299 3098 4,
327 3032 338 3086 1
363 3044 407 3104 sq.

271 3150 274 3154 *
759 3109 809 3172 hei
827 3108 912 3186 miti,
933 3109 962 3169 si
981 3108 1057 3191 quis,

427 3212 531 3276 comus
552 3223 586 3275 ut
606 3214 736 3290 morior,
759 3214 873 3278 uenerit
894 3212 971 3275 atter
993 3235 1088 3276 amor.

212 3367 283 3409 ¹cum
312 3350 400 3406 animi
429 3348 614 3409 vehementer
641 3352 775 3410 commoti
803 3352 913 3429 impetu
941 3351 1049 3428 optime
1076 3349 1207 3425 congruit
1232 3346 1289 3406 dis·

218 3462 317 3533 scrpta
338 3462 366 3512 et
387 3454 476 3512 incisa
497 3455 703 3515 vocabulorum
728 3457 824 3514 series.

304 3573 389 3650 Quae
403 3579 631 3637 enumeravimus
643 3587 672 3637 et
683 3579 868 3657 exposuimus
882 3576 937 3634 hac
950 3575 1130 3655 paragrapho
1145 3574 1287 3654 exempla,

218 3682 315 3740 omnia
334 3682 376 3739 ita
397 3690 465 3740 sunt
485 3691 665 3762 comparata,
688 3691 721 3741 ut
741 3683 924 3761 transpositio
947 3682 985 3740 sit
1005 3682 1080 3739 facta
1101 3683 1178 3739 inter
1198 3699 1288 3739 enun-

216 3786 317 3844 tiatum
340 3783 541 3846 secundarium
565 3796 595 3845 st
615 3788 792 3867 primarium.
836 3785 907 3845 illud
930 3785 1085 3865 hyperbati
1105 3805 1205 3864 genus,
1228 3804 1286 3864 quo

216 3893 376 3950 sententiae
396 3893 549 3971 primariae
570 3891 659 3951 verba
688 3894 718 3951 in
745 3891 864 3951 alteram
895 3910 1009 3970 parem,
1040 3910 1092 3950 sua
1118 3893 1235 3971 propria
1256 3892 1285 3948 vi

215 4006 350 4070 utentem,
374 3997 589 4070 transcendunt,
613 4017 752 4077 perquam
766 4017 830 4056 raro
849 3999 1000 4077 reperitur.
1034 3998 1114 4055 cuius
1135 3997 1177 4054 rei
1199 4014 1284 4054 causa

215 4119 252 4159 sx
280 4104 344 4181 ipsa
372 4101 475 4160 harum
501 4100 613 4181 periodi
636 4105 763 4182 partium
784 4101 882 4161 indole
904 4112 947 4160 est
968 4100 1102 4181 petenda.
1147 4120 1215 4159 nam
1236 4119 1286 4159 ne
