3034 4675
1313 242 1742 303 *40-

453 410 555 470 sed
603 432 679 470 ne
721 432 757 470 a
785 412 1015 489 dialogo
1047 411 1280 492 quidem
1326 409 1435 471 hoc
1473 411 1785 491 hyperbati
1827 431 2010 490 genus
2052 411 2433 471 amovendum
2479 421 2596 488 est3

455 537 589 576 nam
633 519 836 596 Eurip.
887 517 1020 577 Hel.
1076 523 1229 579 1565
1259 510 1359 597 sq.'

731 642 734 645 ·
785 619 840 682 οἳ
884 622 922 683 ὃ
935 619 954 642 ³
1003 620 1086 694 εἷς
1129 619 1401 700 κέλευσμ’
1447 620 1733 708 ἐλθόντες
1777 621 2189 704 ἐξανήρπασαν

785 735 1026 810 ταῦρον,
1074 725 1353 811 φέροντες
1395 727 1433 787 ὃ
1448 725 1466 747 ²
1506 727 1593 799 εἷς
1638 725 1849 787 ἔθεντο
1892 724 2160 806 σέλματα

453 854 573 891 non
630 832 996 893 scribendum
1041 853 1182 926 lesse
1239 830 1564 908 εἰσέθεντο,
1610 831 1713 892 sed
1757 829 1840 903 εἰς
1883 832 1958 891 ad
2001 830 2269 911 σέλματα
2311 835 2601 911 pertinere

451 939 822 998 Hermannus
866 948 1020 999 recte
1064 941 1362 1018 exposuit3
1429 939 1614 997 ‘facile
1657 937 1892 1017 quidem
1936 938 2111 997 verba
2146 938 2429 997 neutralia
2470 958 2599 996 cum

451 1046 772 1103 accusativo
815 1044 944 1117 loci,
991 1046 1051 1102 in
1096 1063 1268 1123 quem
1302 1042 1444 1124 quid
1485 1064 1611 1103 sese
1655 1043 1844 1115 infert,
1891 1046 2335 1120 coniunguntur,
2379 1051 2446 1103 ut
2488 1042 2601 1103 εἷσ-

452 1148 707 1226 πίπτειν,
754 1147 1050 1231 ἐσθορεῖν,
1096 1170 1214 1208 non
1256 1151 1395 1208 item
1425 1169 1577 1228 quae
1618 1152 1806 1208 activa
1844 1158 2127 1228 potestate
2156 1152 2330 1209 etiam
2358 1150 2598 1209 alterum

453 1257 839 1314 accusativum
884 1253 1146 1315 additum
1189 1254 1444 1314 habent'.
1531 1263 1828 1334 praeterea
1873 1254 1942 1312 cf.
1974 1254 2152 1332 Soph.
2187 1252 2257 1313 Ο.
2287 1255 2359 1313 R.
2389 1260 2511 1317 455

1811 1355 1979 1438 ξένην
2023 1357 2117 1419 ἐπὶ

1065 1465 1353 1548 σκήπτρῳ
1397 1463 1745 1544 προδεικνὺς
1784 1470 1981 1544 γαῖαν,

453 1572 656 1651 Eurip.
702 1572 830 1631 Ion.
880 1578 998 1633 262

1560 1652 1846 1733 γενναίων
1888 1650 1943 1713 τ’
1989 1654 2110 1714 ἀπὸ

1211 1766 1510 1842 τραφεῖσα
1556 1757 1849 1841 πατέρων,

453 1863 664 1923 Aesch.
711 1865 903 1924 Prom.
949 1872 1026 1927 66
1075 1866 1224 1942 αῗαΐ,
1270 1868 1640 1948 Προμηθεῦ,
1686 1874 1810 1926 σῶν
1853 1864 1969 1925 ὑπὸ
2013 1861 2200 1926 στένω
2238 1861 2455 1941 πόνων,
2501 1864 2602 1924 ubi

454 1969 694 2029 verbum
759 1968 953 2033 στένω
1021 1981 1261 2051 propter
1331 1975 1726 2032 traiectionem
1786 1974 1937 2029 inter
2001 1973 2484 2050 praepositionem
2546 1978 2606 2029 et

453 2094 648 2133 casum
690 2075 944 2134 firmiore
985 2096 1127 2136 sono
1185 2081 1548 2156 pronuntiari
1601 2080 1873 2137 continuo
1930 2078 2229 2154 percipias.
2324 2076 2415 2134 his
2460 2095 2604 2155 quos

457 2189 743 2240 extremos
797 2180 966 2240 attuli
1023 2183 1165 2241 locis
1223 2185 1663 2264 praepositionis
1707 2203 1742 2241 a
1784 2182 2142 2242 substantivo
2185 2181 2490 2240 disiunctio
2536 2200 2603 2239 eo

455 2285 808 2346 deminuitur
835 2294 891 2346 et
918 2272 1148 2361 lenitur,
1181 2288 1340 2369 quod
1368 2285 1716 2349 adiectivum
1756 2291 2021 2369 proxime
2046 2286 2365 2364 antecedit3
2411 2296 2604 2346 tamen

455 2391 572 2451 duo
630 2396 848 2472 priores
904 2413 971 2451 eo
1016 2403 1152 2452 sunt
1194 2397 1449 2471 insignes
1468 2440 1482 2467 ‚
1532 2393 1691 2474 quod
1750 2397 1922 2453 etiam
1965 2394 2081 2453 fine
2124 2412 2323 2452 versus
2366 2413 2605 2472 pmepo-

457 2499 695 2557 sitiones
742 2508 798 2557 et
842 2489 1201 2558 substantiva
1242 2509 1597 2579 separantur.

627 2603 1012 2664 Alexandrini
1067 2603 1277 2664 deinde
1332 2615 1539 2685 poetae
1603 2614 1661 2664 et
1717 2605 1818 2683 qui
1879 2622 2075 2662 eorum
2131 2603 2605 2663 consuetudinem

456 2717 726 2769 secuntur
746 2757 760 2784 ‚
822 2712 1156 2789 frequenter
1198 2710 1525 2770 liberiorem
1568 2710 2058 2789 praepositionum
2103 2711 2607 2789 transpositionem

456 2824 825 2894 usurparunt.
919 2817 990 2874 cf.
1036 2816 1284 2875 Theocr.
1329 2816 1556 2876 XXIX
1602 2821 1679 2877 24

930 2938 1081 3017 κῆμε
1124 2937 1452 3016 μαλθακὸν
1495 2937 1555 3010 ἐξ
1600 2933 1812 3016 ἐπόησε
1858 2933 2130 3016 σιδαρίω,

460 3068 517 3117 et
553 3060 866 3136 Agathiam
905 3061 1066 3119 anth.
1114 3061 1238 3119 Pal.
1274 3062 1370 3120 XI
1404 3067 1545 3135 376,
1584 3066 1617 3121 5
1666 3055 1832 3118 τέκεν
1876 3053 1931 3116 ‹5'
1962 3056 2078 3118 ὑπὸ
2121 3056 2344 3127 παῖδας
2387 3052 2604 3138 ἐκείνῳ.

461 3165 522 3221 in
559 3165 844 3224 Stratonis
889 3186 1123 3246 quoque
1168 3168 1581 3246 epigrammate
1619 3163 1779 3222 anth.
1825 3163 1950 3221 Pal.
1997 3162 2143 3232 XII⁴
2173 3147 2274 3236 21,
2324 3172 2355 3222 5
2401 3183 2487 3241 sq.
2575 3160 2580 3165 ’

1849 3267 2003 3327 ἀλλὰ
2051 3267 2192 3349 πρὶν
2236 3267 2439 3328 ἐλθεῖν

749 3375 858 3446 τὰς
899 3374 1221 3458 φθονεράς,
1280 3373 1535 3455 Φείδων,
1583 3376 1798 3451 θῶμεν
1841 3369 1933 3432 ἐπ’
1980 3369 2122 3455 ἔργα
2166 3371 2376 3455 λόγοις,

463 3497 812 3557 quamquam
856 3501 960 3560 per
1005 3485 1211 3542 tmesin
1254 3481 1399 3540 haec
1441 3479 1619 3539 verba
1662 3479 1953 3559 explicare
1995 3480 2147 3552 licet,
2193 3481 2605 3539 seiunctionem

460 3587 900 3663 praepositionis
942 3607 978 3644 a
1021 3607 1156 3646 casu
1202 3586 1536 3662 intellegere
1574 3584 1787 3658 malim,
1819 3587 2093 3664 quoniam
2126 3584 2447 3664 hyperbato
2491 3602 2606 3642 ser-

464 3776 885 3837 cnniungflndum
925 3779 993 3825 sit
1033 3772 1141 3825 ὑπὸ
1181 3779 1285 3841 γῆς
1321 3793 1381 3825 [m
1425 3770 1532 3827 ὑπό
1570 3791 1665 3839 pro
1709 3778 1955 3826 adverbio
2002 3777 2302 3825 habendum
2352 3763 2403 3825 et
2437 3776 2541 3844 γᾶς
2578 3791 2609 3824 a

464 3865 789 3913 substantivo
857 3865 1097 3921 πλοῦτος
1149 3869 1369 3929 pendere
1433 3867 1500 3914 sit
1561 3867 1910 3914 statuendum.
2002 3865 2199 3927 duplici
2258 3865 2396 3913 enim
2452 3866 2608 3913 mo'do

464 3953 636 4001 lucum
676 3957 905 4017 inteilcgi
941 3969 1089 4017 posse
1129 3957 1233 4001 iam
1269 3957 1574 4003 scholiastes
1610 3954 1991 4003 animadvertit.
2045 3962 2200 4016 atque
2239 3954 2282 4002 si
2318 3953 2436 4017 quis
2475 3953 2607 4001 Her-

464 4045 640 4093 manni
676 4045 1017 4093 mutatinmoem
1053 4037 1293 4109 χώματι,
1337 4041 1543 4091 facilem
1581 4033 1726 4092 illam
1765 4043 1975 4104 quidem
2012 4050 2065 4091 et
2095 4041 2399 4090 mutationis
2436 4041 2609 4103 specie
2655 4066 2660 4070 -

464 4135 797 4193 ipa-2:2¹2tnahilcmj
841 4133 1157 4197 praetulerit*
1197 4149 1301 4181 nun
1341 4132 1657 4193 litigabimus
1693 4147 1811 4180 cum
1847 4146 1908 4179 eo
1944 4131 2317 4180 contumacius.
