3034 4675
650 270 864 334 ..26-

224 440 328 520 Tycho
350 441 546 499 Mommsenus
574 441 605 498 in
627 442 866 499 commentatione
886 440 1042 501 Gehrauch
1066 460 1123 498 von
1150 438 1205 499 σῦν
1233 438 1294 499 und

224 545 302 621 μετὰ
323 565 388 604 cum
404 546 529 608 Genetiv
550 545 597 603 bei
620 546 720 625 Eurip.
744 544 820 603 Berl.
842 552 931 608 1877.
954 568 983 624 p.
1005 549 1040 606 t8
1063 553 1093 602 et
1115 550 1153 607 20
1173 564 1216 623 sq.
1232 554 1293 605 not.

226 648 305 728 (vide
320 652 405 709 etiam
423 649 546 710 eundem
561 672 590 730 p.
608 650 648 731 3).
683 652 765 709 cuius
778 658 911 709 accurata
925 652 1093 729 quaestione
1115 651 1173 708 iam
1186 651 1293 710 hatum

225 765 277 829 est,
300 763 332 814 ut
353 755 483 832 longiore
498 754 699 835 disputationis
719 756 851 840 anfractu
874 754 1061 834 supersedere
1082 757 1197 834 possim.
1221 775 1292 834 quo·
1346 801 1349 804 -

122 881 126 898 .
225 860 309 919 modo
332 857 445 920 differat
458 867 591 922 accentrrs
613 863 858 940 praepositionum
872 860 1050 919 substantivo
1072 862 1293 938 postpositurum

225 965 262 1024 ab
278 975 397 1024 accentu
411 965 612 1045 praefixorum,
629 969 763 1045 exposuit
776 966 915 1025 Lehrsius
929 973 1039 1045 quaest.
1053 966 1124 1043 spic.
1137 986 1165 1043 p.
1180 969 1292 1045 68sqq‚

227 1090 347 1148 magnus
382 1080 478 1131 autem
508 1080 549 1129 cst
586 1089 722 1130 numerus
757 1072 900 1143 locorum,
940 1070 1044 1149 quihus
1073 1070 1247 1149 anastrophe
1275 1092 1294 1130 a

222 1175 366 1255 prioribus
400 1197 459 1235 non
489 1186 550 1235 erat
579 1174 740 1254 intellecta,
777 1196 834 1256 qua
863 1178 993 1234 restituta
1021 1182 1089 1234 sunt
1116 1177 1234 1234 correcti
1264 1184 1294 1234 et

224 1279 377 1339 emendati.
542 1271 546 1288 '

308 1384 356 1444 Ad
385 1389 603 1466 praepositionis
632 1386 826 1465 anastrophen
855 1385 929 1444 redit
957 1388 1043 1461 etiam
1072 1404 1107 1443 ea
1134 1384 1291 1459 collocatio,

223 1511 281 1570 qua
310 1494 386 1552 inter
416 1491 625 1553 substantivum
655 1494 775 1569 eiusque
803 1491 972 1550 attributum
997 1489 1095 1550 sedem
1124 1490 1174 1549 illa
1195 1490 1291 1550 habet.

222 1597 256 1654 cf.
275 1596 543 1668 Hom.11.1,eso.
579 1596 730 1667 Otxvl,
748 1603 819 1656 407,
853 1594 938 1655 Pind.
955 1595 1001 1657 Ol.
1017 1599 1100 1668 XIII,
1118 1602 1167 1657 43.
1202 1596 1291 1675 Soph.

222 1701 257 1761 0.
281 1700 315 1761 Ο.
342 1707 399 1763 125
422 1720 486 1779 sqq.
822 1761 823 1764 ,

474 1802 608 1886 προσέβα
629 1803 686 1887 γάρ
707 1807 760 1866 οὐκ
902 1876 905 1882 ⁴

472 1911 509 1969 dr
531 1906 598 1970 ποτ’
620 1907 742 1987 dosidis
764 1911 853 1982 ἄλσος
875 1910 904 1983 ἐς

473 2011 557 2075 sdvd'
584 2016 796 2094 ἀμαιμακετᾶν
817 2025 916 2097 κορᾶν.

221 2121 276 2179 hoc
305 2119 422 2199 quidem
445 2121 626 2180 manifestum
656 2131 699 2181 est
720 2124 962 2202 praepositionem
988 2141 1093 2180 nomen
1120 2139 1203 2179 suum
1225 2119 1292 2178 sub-

222 2234 389 2305 sequentem
418 2228 563 2304 propriam
593 2229 651 2285 vim
678 2226 769 2285 multo
796 2229 888 2304 magis
915 2229 1040 2285 retinere
1067 2245 1154 2305 quam
1175 2242 1291 2304 praece·

223 2332 347 2391 dentem.
386 2351 476 2411 quare
504 2333 534 2391 in
557 2330 707 2412 Sophoclis
727 2331 790 2392 loco
810 2333 1030 2412 praepositionis
1056 2330 1086 2403 ἐς
1106 2332 1186 2391 notio
1207 2329 1291 2389 veho-

129 2464 131 2469 ·
220 2447 332 2497 menter
353 2434 527 2509 intenditur,
553 2447 586 2496 ut
606 2435 727 2516 perinde
748 2437 811 2495 fere
836 2440 929 2496 sitae
950 2438 975 2494 si
996 2435 1103 2494 dictum
1126 2444 1200 2494 esset
1221 2430 1287 2494 ἴσω.

220 2564 305 2624 porro
325 2542 396 2600 haec
417 2545 580 2601 consecutio
596 2542 654 2600 illic
674 2541 824 2621 aliquanto
841 2540 1008 2601 insolentior
1030 2550 1081 2613 est,
1105 2539 1184 2621 quod
1204 2558 1289 2616 gene·

219 2651 295 2707 tivus
323 2649 563 2727 praepositionem
591 2649 711 2726 excipit,
742 2647 931 2727 ponderosior
956 2646 1005 2705 ille
1026 2644 1144 2725 quidem
1166 2644 1289 2723 simplici

219 2751 368 2811 adiectivo.
398 2752 464 2812 talis
484 2755 702 2833 praepositionis
723 2755 828 2833 positio
842 2773 860 2810 a
873 2755 966 2832 poetis
988 2752 1160 2811 creberrime
1180 2749 1290 2808 adscita

219 2860 249 2917 in
271 2878 385 2937 prosam
407 2859 584 2919 Graecorum
606 2861 764 2918 orationem
794 2876 859 2917 raro
886 2860 1016 2937 irrepsit3
1051 2855 1118 2916 vide
1138 2855 1289 2914 Kuehneri

207 2974 337 3040 ‘gramm
353 2983 447 3040 graec.
464 2965 480 3043 ᾗ
498 2970 568 3036 152,
586 2969 615 3030 2.
629 2962 728 3028 adnot.
748 2972 775 3026 5.
799 2962 876 3043 apud
898 2972 998 3042 poetas
1020 2962 1140 3021 Latinos
1161 2958 1298 3019 eiusdem

219 3071 407 3149 anastrophen
435 3072 555 3129 rationis
582 3069 647 3149 plus
676 3089 764 3148 quam
797 3072 946 3146 sexaginta
980 3075 1110 3148 prostant
1139 3067 1289 3145 exempln;

220 3174 254 3231 cf.
279 3173 373 3233 Plaut.
397 3174 460 3239 Mil,
483 3173 522 3250 gl.
544 3176 595 3248 IV,
612 3180 640 3245 2,
662 3180 710 3234 56.
744 3173 812 3232 Tib.
830 3177 853 3245 Ι,
872 3180 900 3254 9,
917 3180 946 3235 9.
984 3171 1039 3235 Ov.
1056 3193 1092 3231 ex
1108 3172 1179 3244 P,1‚
1194 3177 1222 3244 2,
1238 3175 1287 3233 82.

218 3277 256 3340 al,
288 3277 342 3335 hoc
372 3297 461 3336 unum
490 3281 520 3336 in
549 3286 714 3337 transcursu
748 3281 906 3337 notaverim
937 3281 966 3337 in
1000 3277 1126 3359 pedestri
1158 3280 1312 3336 sermone

220 3382 294 3439 hanc
316 3385 535 3462 praepositionis
558 3386 754 3441 traiectionem
774 3385 890 3443 aLivio
908 3395 937 3444 et
958 3393 1026 3442 ante
1041 3402 1140 3443 omnes
1152 3401 1171 3440 a
1186 3383 1288 3440 Tacito

204 3488 412 3566 ‘frequentari3
436 3488 471 3549 cf.
492 3487 672 3567 Nipperdey.
695 3488 733 3545 ad
755 3487 826 3553 Tac,
846 3490 942 3548 annal.
965 3494 1020 3562 III,
1049 3496 1095 3550 to.
1117 3491 1170 3559 ΠΙ,
1196 3493 1211 3546 7
1218 3491 1245 3550 2.

302 3592 479 3671 Plerumque
499 3601 610 3657 autem,
633 3592 684 3650 ubi
705 3596 879 3672 praepositio
900 3614 1005 3653 nomen
1026 3594 1172 3672 seqnitur,
1196 3610 1230 3648 ea
1252 3609 1288 3648 ex

219 3695 331 3754 duabus
363 3696 484 3774 syllabis
516 3706 626 3756 constat
658 3706 687 3754 et
723 3699 881 3777 particulae
913 3708 1025 3757 tantum
1060 3699 1289 3776 pronominaque

115 3835 118 3841 .
218 3801 348 3860 enclitica
377 3801 565 3864 intercedunt.
604 3814 698 3860 umen
732 3805 789 3861 iarn
817 3803 897 3881 apud
925 3805 1084 3862 Homerum
1115 3802 1288 3881 praepositio

143 3934 145 3938 >
217 3906 419 3984 monosyllaba
442 3926 501 3964 non
520 3905 609 3965 semel
626 3910 809 3986 postponitur
834 3909 883 3986 (cf.
905 3906 960 3969 Od.
983 3908 1023 3980 X,
1048 3914 1097 3969 96.
1135 3911 1191 3977 111,
1219 3911 1286 3966 137.

217 4011 252 4069 Il.
268 4013 377 4082 XXIV,
393 4016 462 4072 397.
486 4011 522 4068 Τ.
538 4012 701 4069 Mommsen
721 4033 749 4090 p.
771 4017 805 4072 18
826 4011 900 4092 not.)
924 4023 952 4070 et
972 4011 1047 4070 aliae
1068 4031 1183 4090 quoque
1204 4029 1288 4068 voces

216 4124 332 4194 praeter
361 4115 439 4181 leves
468 4115 531 4174 illas
562 4128 590 4174 et
617 4126 719 4173 tenues
747 4116 864 4174 voculas
893 4118 1066 4175 inseruntur.
1112 4137 1287 4196 quamquam
