3034 4675
613 213 973 329 Ῑ-177-,

221 439 364 514 loquentis
385 436 526 517 trepidam
548 428 759 495 festinationem
782 435 959 511 significavit.
995 437 1127 515 proxime
1140 431 1179 494 ed
1193 434 1291 492 simili·

220 543 350 603 tudinem
372 540 483 603 accedit
504 541 571 607 Aul·
592 542 608 600 I
631 546 659 612 2,
688 547 721 600 17
746 558 791 617 sq.

305 703 308 708 ,
413 644 553 716 cultrum,
575 641 714 719 securim,
733 640 893 725 pistillum,
917 642 1110 714 mortarium,

410 768 485 832 quac
507 749 619 809 utendo
640 769 715 808 vesu
737 766 856 828 semper
878 746 970 807 victui
990 756 1109 828 reperet,

410 856 493 929 fures
515 853 627 942 uenisse
650 864 739 935 etque
763 850 920 913 abstulisse
941 850 1041 915 dicito.

223 994 281 1032 non
304 976 372 1031 satis
387 982 495 1031 certum
513 981 556 1030 est
569 974 684 1029 tertium
700 969 864 1049 exemplum
878 970 1044 1028 Plautinum
1066 969 1155 1049 Epid.
1175 970 1228 1029 sub
1243 971 1292 1029 fin.

491 1090 610 1152 lumbos
632 1090 744 1172 surpite
768 1099 857 1173 utque
877 1089 1040 1171 euporpite.

223 1221 324 1272 verum
344 1209 446 1294 procul
468 1208 556 1267 dubio
571 1209 726 1266 Terentius
742 1207 843 1266 eodem
859 1207 1011 1286 hyperbati
1032 1227 1139 1283 genere
1161 1218 1205 1266 est
1225 1228 1294 1268 usus

222 1315 279 1375 Ad.
302 1317 330 1374 V
355 1307 382 1387 l,
411 1322 445 1376 19
469 1326 501 1376 tu
529 1314 598 1375 illas
626 1314 679 1375 att
706 1325 734 1375 et
762 1315 895 1376 traduce.
938 1323 1026 1391 atque
1054 1313 1125 1372 utile
1151 1313 1189 1371 ad
1217 1334 1293 1373 oom-

222 1419 381 1500 parendum
404 1429 447 1478 est
470 1418 633 1497 exemplum
655 1419 723 1481 Ter.
747 1418 863 1476 Phorm.
887 1418 919 1477 II
942 1426 969 1491 3,
995 1425 1033 1479 60
1052 1439 1117 1498 sqq.

349 1539 404 1600 etsi
425 1538 500 1601 mitt
521 1542 604 1614 suctu
626 1536 778 1613 iniuriust,
804 1558 905 1599 uerum
927 1548 1027 1600 temeri

345 1644 451 1727 potius
475 1663 567 1727 quem
589 1641 650 1704 liti<
672 1652 765 1703 secter
787 1654 954 1726 culquam
977 1654 1003 1705 te
1025 1643 1159 1716 aredium,

349 1749 453 1810 itidem
476 1760 510 1810 ut
532 1757 661 1830 cognato
682 1747 710 1807 si
732 1748 779 1828 sit,
799 1748 834 1809 id
854 1748 937 1830 quod
957 1748 1006 1809 les
1027 1748 1107 1810 iubet

350 1855 428 1917 dotis
451 1856 535 1927 dare,
560 1854 674 1915 abduce
696 1850 783 1933 bauo,
805 1853 905 1914 ruimus
925 1853 1056 1937 quinque
1079 1855 1191 1938 decipe.

223 1993 281 2053 quo
311 1973 373 2032 loco
404 1976 583 2032 enuntiatum
612 1972 764 2029 relativum
788 1971 826 2028 ‘id
849 1971 927 2049 quod
949 1972 997 2030 lex
1016 1973 1096 2031 iubet
1118 1973 1193 2032 dotis
1213 1973 1291 2038 dare’

221 2078 260 2137 ad
281 2079 401 2138 verbum
424 2078 537 2157 ‘accipe'
555 2079 679 2156 pertinet
693 2088 722 2134 et
736 2077 857 2135 alterum
877 2081 1056 2136 enuntiatum
1074 2078 1194 2138 ‘abduce
1207 2080 1289 2139 hane’

212 2177 423 2264 'interpositum
445 2194 487 2242 est
508 2185 597 2262 priori
619 2180 747 2260 periodo.
786 2182 947 2239 naturalem
968 2202 1035 2242 vero
1058 2183 1187 2243 ordinem
1207 2197 1294 2265 poeta
1321 2203 1322 2206 ’
1365 2215 1369 2222 >

221 2300 335 2351 secutus
357 2299 401 2349 est
420 2288 508 2370 paulo
530 2296 595 2368 post
617 2287 648 2346 II
672 2292 700 2360 3,
725 2294 763 2350 67

376 2393 541 2454 mercedem
563 2393 637 2453 dere
660 2391 708 2452 teu
727 2391 809 2452 iubet
831 2391 859 2452 ei
880 2401 968 2474 atque
989 2391 1135 2454 amittere.

223 2532 297 2590 quae
320 2510 405 2571 modo
428 2510 512 2570 attuli
534 2509 675 2587 exempla,
698 2511 795 2568 omnia
817 2529 851 2567 eo
873 2519 940 2568 sunt
962 2512 1093 2586 insignis,
1116 2511 1195 2590 quod
1216 2515 1291 2571 inter

221 2619 363 2677 obiectum
387 2626 415 2674 et
436 2615 563 2689 verbum,
590 2614 669 2674 unde
691 2615 763 2674 illud
784 2614 900 2693 pendet,
923 2615 1045 2674 alterum
1066 2617 1185 2676 verbum
1205 2620 1291 2676 inter·

220 2724 312 2793 venit,
343 2721 421 2800 quod
450 2719 622 2800 praecedere
650 2719 783 2780 debebat.
828 2723 968 2798 originem
997 2741 1065 2780 vero
1096 2722 1150 2780 hoc
1178 2722 1292 2781 dicendi

221 2847 312 2902 genus
334 2847 350 2884 e
371 2829 510 2885 sermonis
531 2829 690 2905 praesentis
710 2827 846 2885 facultate
867 2826 963 2897 habet,
990 2836 1077 2905 atque
1098 2846 1184 2885 causa
1206 2830 1236 2886 in
1257 2848 1291 2887 eo

221 2932 303 2990 l'acile
331 2934 453 2991 inveniri
483 2941 594 3011 potest,
628 2931 705 3009 quod
739 2935 869 2990 oratione
901 2933 1086 2990 vehementer
1117 2945 1292 3012 properante

221 3039 405 3113 grammatica
433 3036 586 3095 verborum
616 3035 765 3095 collocatio
786 3039 874 3094 animi
896 3039 1004 3115 impetu
1026 3039 1108 3114 quasi
1130 3048 1289 3116 superatur.

220 3142 401 3219 neglegentia
429 3145 568 3201 sermonis
597 3151 626 3200 et
656 3141 803 3201 brevitatis
832 3141 957 3200 studium
989 3141 1170 3220 hyperbaton
1200 3130 1298 3202 effecit

221 3248 289 3306 Ter.
312 3246 405 3306 Andr.
432 3248 457 3306 V
487 3257 509 3321 l,
535 3254 573 3310 22

283 3366 309 3415 et
330 3353 429 3415 nescio
452 3354 505 3436 qui
525 3354 582 3415 uti
603 3377 671 3416 sum
693 3354 803 3416 oblitus
825 3353 923 3431 dedic,
944 3372 979 3413 uc
1001 3353 1090 3432 colui,
1112 3354 1211 3416 dicere
1218 3376 1229 3431 ;

220 3471 275 3529 hoc
302 3472 364 3531 loco
395 3474 551 3531 infinitivus
582 3473 693 3531 ‘dicere'
725 3481 754 3531 et
782 3470 819 3529 ad
849 3470 965 3530 ‘oblitus
987 3472 1058 3530 sum’
1083 3471 1169 3530 etad
1193 3472 1289 3531 ‘volui‘

219 3580 360 3657 pertinet3
390 3577 441 3637 sed
472 3588 579 3637 rectam
608 3589 636 3636 et
665 3586 843 3636 constantem
866 3576 1019 3635 verborum
1049 3580 1150 3636 seriem
1176 3587 1291 3659 secutus

221 3694 308 3761 poeta
331 3684 425 3744 ‘volui'
449 3684 550 3743 ultimo
571 3684 635 3742 loco
656 3702 765 3762 ponere
785 3681 918 3741 debebat.
952 3685 1031 3741 iuvat
1052 3685 1083 3741 in
1104 3686 1291 3763 comparatio·

218 3810 285 3851 nem
307 3790 460 3849 adscivisse
482 3788 534 3848 Ov.
558 3799 624 3848 met.
649 3789 724 3847 XIV
750 3795 786 3849 3¹¹

373 3894 481 3974 diguus
504 3914 573 3955 erus
594 3893 685 3965 ultro,
702 3902 831 3975 poteras
853 3903 997 3976 certeque,
1020 3893 1135 3973 rogeri,

218 4012 268 4071 ubi
290 4013 442 4072 verborum
465 4018 634 4072 structuram
649 4014 690 4070 ita
715 4011 810 4071 solvas
832 4010 945 4089 ‘dignus
961 4031 1024 4071 eras
1046 4011 1122 4070 ultro
1144 4013 1239 4088 rogari
1261 4021 1290 4070 et

219 4128 296 4177 certe
317 4129 432 4198 poteras
454 4119 513 4177 scil.
534 4118 610 4176 ultro
633 4119 747 4194 rogari'.

269 4227 362 4273 Boldt,
377 4227 467 4268 Dissert.
1106 4224 1135 4272 12
