3034 4675
605 279 661 334 ¹-
705 245 767 310 ιιι
809 280 853 290 -

200 424 230 475 et
250 416 321 479 Hor.
340 434 427 475 carm.
449 422 463 480 I
489 423 535 488 15.
560 421 578 478 3
595 435 659 495 sqq.

493 521 618 605 inpacta
640 521 749 584 celeres
771 520 873 582 οάιιιίι
895 520 956 584 otio

494 636 597 690 ventor
617 637 652 689 ut
673 637 794 689 caneret
814 624 883 705 fero

494 730 616 795 Nereae
637 730 716 812 fata,

201 836 250 896 ubi
271 838 359 898 Nerei
381 857 487 898 nomen
508 857 573 916 eum
596 837 725 913 emphasi
746 836 882 912 strophae
910 838 992 896 initio
1013 835 1188 913 praefigitur.
1231 834 1268 892 cl.

200 943 285 1001 etiam
307 943 395 1021 Verg.
423 944 498 1002 Aen.
528 942 593 1003 XII
620 950 698 1017 641,
722 942 828 1020 Georg.
858 946 904 1004 III
935 946 1004 1003 387.
1048 942 1154 999 iniuria
1183 941 1271 1017 igitur

200 1046 392 1108 Baehrensius
414 1051 444 1107 in
465 1048 532 1111 Tib.
554 1052 599 1112 III
624 1055 649 1122 1,
678 1054 710 1109 11
736 1068 779 1127 eq.
803 1044 922 1106 offendit

301 1187 304 1190 ·
352 1190 528 1253 ιαιιιιιιαηιιι
545 1177 710 1252 praetexat
731 1167 829 1231 tenue
848 1166 975 1250 βασιληία
996 1166 1130 1240 σίνονται,

403 1274 513 1337 indicet
535 1283 568 1335 et
589 1295 699 1337 nomen
726 1273 827 1336 littera
849 1272 933 1353 faeta
953 1292 1062 1334 meum.

200 1397 320 1453 mutavit
353 1397 428 1455 enim
460 1395 599 1455 librorum
632 1398 803 1476 scripturam
835 1393 968 1454 ‘chartae'
999 1395 1029 1452 in
1061 1393 1271 1452 nominativum

202 1495 329 1570 ‘charta’,
345 1517 404 1577 quo
420 1487 536 1577 quidem
551 1499 724 1556 constructio
738 1498 850 1558 facilior
870 1499 903 1557 fit
924 1497 1080 1571 intellectu,
1104 1500 1156 1559 sed
1177 1498 1272 1556 minus

200 1603 313 1681 postica
335 1610 364 1661 et
385 1604 535 1676 inusitata,
559 1622 623 1661 eum
649 1602 724 1662 hane
746 1603 929 1665 insolentiam
951 1604 1080 1663 consulto
1103 1600 1272 1681 Lygdamus

201 1708 376 1787 quaesivisse
389 1706 528 1779 videatur,
552 1716 584 1767 ut
607 1707 780 1786 elegantiam
802 1718 831 1768 et
852 1712 1017 1769 varietatem
1040 1715 1270 1787 consequeretur.

200 1810 302 1872 eodem
324 1813 433 1872 faciunt
452 1813 520 1872 Tib.
543 1817 558 1875 Ι
584 1820 609 1886 1,
637 1821 672 1874 17
696 1834 739 1893 sq.

353 1934 551 2019 pomcsicqee
570 1935 665 1998 rebec
687 1946 786 1999 cectce
803 1946 944 2021 ponatur
965 1937 998 1999 ιἰι
1019 1936 1104 2018 apres

410 2050 523 2103 terreat
544 2050 577 2102 ut
598 2062 690 2104 saeva
713 2042 790 2118 felee
811 2040 950 2126 Priapes
973 2062 1052 2117 eves,

200 2158 254 2221 Ov.
278 2162 338 2220 her.
362 2166 389 2223 V
415 2169 469 2224 111

308 2275 335 2328 et
355 2264 457 2325 mines
479 2276 521 2328 eet
543 2248 632 2339 iate,
655 2287 748 2350 quam
770 2286 890 2326 ιιιιιιιιια
905 2265 1031 2350 pondus
1054 2236 1159 2336 creste,

200 2380 271 2442 ibid.
294 2383 326 2441 X
347 2391 385 2444 45

289 2488 364 2573 qaid
379 2489 485 2572 polles
507 2460 641 2566 facerent
661 2511 755 2573 qaam
779 2510 826 2551 me
848 2509 917 2551 ecee
938 2489 1055 2552 lemine
1067 2486 1190 2571 flerent.

287 2607 328 2666 At
343 2626 377 2666 eo
391 2606 469 2666 unde
482 2610 613 2688 proxime
627 2606 754 2685 degressi
770 2627 868 2667 sumus
889 2617 1073 2667 revertamur.
1106 2627 1165 2666 non
1180 2606 1272 2665 solum

200 2712 426 2794 substantivum,
449 2711 528 2792 quod
549 2716 692 2772 sententia
713 2713 834 2773 relativa
855 2713 1024 2793 explicatur,
1049 2711 1101 2772 sed
1122 2715 1208 2771 etiam
1230 2721 1272 2770 at·

199 2817 339 2879 tributum
360 2820 391 2877 in
413 2820 592 2878 enuntiatum
612 2817 815 2878 secundarium
835 2821 972 2886 traicitur,
1010 2817 1045 2876 cf.
1068 2818 1161 2877 Thuc.
1177 2817 1210 2876 II
1230 2822 1270 2880 48

201 2923 251 2983 καὶ
272 2924 327 2996 τὰς
349 2921 447 2995 αἰτίας
462 2922 584 2993 ἅστινας
604 2922 713 3000 νομίζει
729 2923 878 3002 τοσαύτης
891 2925 1060 3001 μεταβολῆς
1076 2919 1179 2993 ἱκανὰς
1196 2914 1271 2981 εἶναι

200 3029 328 3108 δύναμιν
358 3028 387 3100 ἐς
414 3029 450 3090 τὸ
477 3036 664 3107 μεταστῆσαι
694 3034 793 3106 σχεῖν,
816 3028 966 3088 Demosth.
991 3031 1109 3091 11136.
1153 3036 1182 3085 et
1209 3029 1272 3106 ipse

201 3136 345 3195 Homerus
366 3135 424 3194 tale
445 3134 515 3214 quid
536 3153 623 3194 ausus
645 3142 688 3193 est
709 3133 744 3192 Il.
767 3137 843 3196 XIII
866 3139 924 3195 711
949 3153 992 3213 sq.

328 3240 421 3324 ἀμνὰς
443 3233 472 3300 d'
497 3240 634 3319 ἀλλήλων
655 3235 785 3317 λαβέτην
802 3236 889 3319 χερσὶ
911 3241 1090 3320 στιβαρῇσιν

328 3344 370 3416 ὡς
391 3341 441 3405 c'r'
464 3345 648 3424 ἀμείβοντες,
670 3344 740 3414 τούς
759 3365 791 3404 τε
807 3343 914 3414 κλυτὸς
936 3343 1028 3424 η’ραρε
1048 3341 1172 3419 τέκτων,

327 3447 467 3528 ἀώματος
486 3451 625 3532 ὑψηλοῖο,
647 3449 718 3528 βίας
739 3446 857 3527 ἀνέμων
877 3449 1025 3510 ἀλεείνων.

199 3579 349 3655 genetivus
374 3572 514 3656 δώματος
541 3576 686 3654 ὑψηλοῖο,
716 3578 767 3655 qui
795 3574 832 3633 ad
861 3576 1071 3635 substantivum
1096 3571 1272 3651 ἀμείβοντες

199 3685 339 3764 pertinet,
369 3684 410 3743 ita
437 3685 512 3741 inter
541 3686 721 3742 enuntiatum
749 3682 901 3742 relativum
923 3682 1128 3760 transpositum
1150 3687 1209 3751 est,
1241 3686 1273 3736 ut

200 3787 258 3848 duo
286 3808 386 3848 versus
410 3794 469 3850 713
499 3786 630 3849 membra
657 3798 789 3847 accurate
817 3785 1011 3867 respondeant
1040 3785 1152 3844 duobus
1172 3783 1272 3843 alteris

199 3913 299 3955 versus
328 3896 453 3954 maxime
483 3893 687 3956 antecedentis.
736 3891 815 3952 haud
844 3892 932 3971 longe
963 3890 1059 3965 abest,
1096 3908 1271 3970 quamquam

200 4003 277 4061 omni
300 3999 468 4059 difficultate
489 4007 575 4072 earet,
598 3999 738 4078 Aeschyli
759 3997 831 4058 illud
855 3998 965 4078 Coeph.
992 4004 1050 4059 164

301 4106 306 4113 ’
397 4106 450 4165 οὐκ
472 4100 552 4165 ἔστιν
572 4103 653 4176 ὅστις
675 4103 751 4182 πλὴν
771 4102 845 4182 ἐμοῦ
866 4099 999 4182 κείραιτό
1020 4125 1075 4176 νιν,
