3034 4675
644 222 870 333 -644

217 450 289 516 559,
320 444 409 522 epigr.
433 462 480 521 ap.
504 441 592 501 Kaib.
614 461 658 499 nr.
682 448 721 504 30
745 461 771 498 v.
791 448 818 514 5,
845 461 889 500 nr.
914 446 953 501 42
976 460 1002 498 V.
1021 446 1057 515 33
1092 438 1159 498 vide
1180 439 1286 500 Naekii

215 568 313 628 opusc.
331 553 363 610 11
383 552 440 609 180
460 556 489 606 et
502 546 672 607 Jacobsium
692 546 772 605 anth.
795 544 858 603 Pal.
875 555 935 610 not.
952 548 1013 604 crit.
1035 567 1065 626 p.
1082 552 1153 608 535.
1190 564 1287 625 neque

177 721 181 734 Ι
216 654 254 713 ab
276 656 406 713 oratione
427 652 555 733 pedestri
576 652 652 724 hanc
679 654 877 710 traiectionem
905 651 1027 711 alienam
1056 671 1118 710 esse
1146 651 1287 730 exemplis

215 758 414 839 comprobavit
442 756 627 818 Heindorfius
649 757 688 816 ad
708 756 784 816 Plaa
806 756 903 815 Parm.
926 778 955 836 p.
983 756 1078 817 1275.
1122 756 1180 816 buc
1201 759 1286 815 etiam

218 863 340 944 quadrat
366 850 611 944 Aristophaneum
640 860 712 921 illud
739 861 817 922 Nub.
850 867 911 923 652
945 861 1025 922 κατὰ
1057 856 1215 937 δάκτυλονς
1252 861 1287 941 νὴ
1334 878 1339 890 ’

218 970 270 1031 τὸν
291 969 353 1030 Δία
380 965 444 1030 ἀλλ’
469 962 542 1045 old',
575 967 625 1027 ubi
648 961 1061 1027 81511155115511Τε5115115ε.
1116 968 1287 1027 Latinorum

215 1077 321 1157 copula
348 1075 527 1135 adversativa
558 1073 626 1133 ‘sed’
658 1069 771 1130 mediae
798 1075 921 1131 orationi
948 1075 1056 1132 inserta
1081 1072 1160 1153 apud
1188 1082 1287 1153 poetas

217 1184 367 1259 Augustae
393 1183 495 1239 aetatis
520 1200 580 1239 non
607 1178 693 1237 valde
721 1187 764 1238 est
792 1180 944 1253 inusitata3
966 1187 997 1236 at
1017 1177 1139 1238 Ovidius
1159 1177 1287 1237 audacis-

216 1289 290 1347 sime
310 1306 373 1345 earn
394 1286 569 1365 transposuit
589 1305 677 1343 amor.
700 1288 715 1347 I
739 1291 768 1357 5,
796 1290 832 1344 14

422 1392 585 1475 papaabat
605 1391 709 1453 tunica
730 1391 785 1452 aed
809 1400 908 1452 tamen
929 1390 984 1452 illa
1005 1391 1074 1471 teyt',

218 1523 249 1574 et
268 1514 330 1573 her.
353 1517 398 1576 XI
424 1518 481 1573 106

417 1617 548 1681 amimae
570 1638 719 1680 nwmorea
740 1619 795 1680 aed
815 1630 916 1680 tamen
938 1628 997 1680 este
1019 1618 1087 1681 mei.

218 1751 367 1826 praeterea
385 1761 424 1801 ne
444 1743 513 1800 satis
534 1748 604 1798 nota
624 1760 671 1799 me
690 1739 797 1798 diutius
817 1748 1036 1814 commorentur,
1066 1741 1101 1800 cf.
1123 1738 1291 1817 Streifinger

220 1850 258 1908 de
286 1858 361 1927 synt.
390 1845 501 1905 'libuli
524 1844 667 1926 (Wirceb.
695 1845 805 1927 1881),
835 1847 886 1923 qui
914 1868 942 1926 p.
968 1851 1007 1909 40
1037 1866 1100 1926 sqq.
1130 1845 1232 1905 harum
1260 1857 1290 1905 et

218 1954 355 2036 similium
376 1951 581 2033 particularum
601 1953 793 2010 inversionem
815 1959 858 2009 est
879 1960 1053 2031 persecutus.

304 2060 477 2138 Priusquam
508 2055 544 2114 ad
573 2058 803 2115 coniunctionem
836 2057 1028 2135 copulativam
1061 2055 1114 2115 καί
1136 2067 1288 2128 transeam,

152 2163 155 2166 ’
218 2185 330 2226 summo
345 2162 463 2222 brachio
478 2160 646 2239 attingenda
662 2170 704 2220 est
718 2160 845 2221 eiusdem
860 2162 1017 2241 particulae
1035 2162 1182 2221 collocatio
1204 2182 1290 2223 sensu

221 2269 325 2328 ‘etiam'
350 2267 505 2327 adhibitae.
549 2267 695 2327 nonnullis
722 2267 793 2326 locis
817 2266 891 2326 illud
918 2266 971 2326 καί
989 2245 1195 2348 praepositioni
1216 2270 1289 2327 eius-

219 2394 279 2455 que
305 2373 484 2434 substautivo
512 2373 676 2445 intercedit,
708 2393 774 2432 eum
803 2394 820 2433 e
848 2375 991 2432 communi
1018 2374 1123 2435 Graeci
1152 2378 1291 2435 sermonis

219 2479 428 2540 consuetudine
448 2487 517 2538 ante
531 2481 778 2558 ,praepositionem
805 2479 899 2538 locum
921 2478 1035 2539 habeat,
1079 2483 1179 2560 itaque
1199 2489 1291 2539 atten-

220 2585 317 2645 denda
345 2593 413 2645 sunt
436 2584 509 2644 haec
535 2582 621 2643 Pind.
650 2582 695 2642 Ol.
718 2585 751 2643 H
774 2588 813 2646 28
840 2581 952 2664 λέγοντι
973 2582 1004 2643 ἓν
1025 2584 1074 2643 καὶ
1097 2573 1239 2672 115λᾶ555
1263 2593 1293 2644 et

222 2692 334 2753 Gallim.
358 2692 387 2750 h.
417 2694 464 2754 111
492 2696 546 2752 157
570 2681 657 2767 βάλλ’
683 2686 730 2747 ἐπὶ
753 2688 804 2747 καὶ
832 2688 909 2760 τούς.
954 2690 1156 2769 similiterque,
1179 2699 1212 2749 ut
1237 2691 1292 2749 hoc

131 2798 135 2805 ’
220 2799 403 2878 praeripiam,
426 2796 538 2854 locutus
560 2804 604 2853 est
623 2793 793 2875 Propertius
815 2799 846 2857 II
869 2801 897 2868 9,
927 2800 961 2856 18

418 2931 487 2982 lanc
509 2919 602 2981 etiam
623 2917 699 2998 felia
720 2919 799 2981 intar
821 2929 849 2980 et
870 2941 960 2982 arnna
976 2917 1091 3002 pudor.

221 3043 273 3102 sed
294 3044 373 3102 hunc
393 3042 546 3102 verborum
560 3040 691 3101 ordinem
707 3044 811 3100 rectius
824 3040 863 3100 ad
877 3041 1061 3121 hyperbaton
1074 3045 1294 3123 praepositionis

222 3149 344 3222 referas,
374 3167 439 3206 cum
461 3145 515 3207 καί
534 3167 553 3205 a
573 3146 729 3219 vocabulo,
760 3148 807 3204 cui
833 3148 891 3205 vim
918 3145 1007 3220 addit,
1037 3147 1117 3206 nullo
1142 3147 1293 3208 intervallo
1363 3147 1366 3153 ’

223 3256 397 3330 seiungatur.
439 3261 566 3312 nostram
593 3272 707 3313 causam
737 3254 828 3330 magis
856 3254 972 3328 attingit
999 3271 1098 3312 versus
1126 3254 1212 3313 Hom.
1237 3252 1291 3314 Od.

222 3362 309 3421 XVII
332 3363 392 3419 379
413 3358 452 3418 σὺ
472 3355 504 3417 δὲ
525 3356 578 3417 καί
597 3360 674 3417 ποθι
695 3354 781 3417 τόνδε
802 3353 957 3431 καλέσσας,
979 3357 1030 3416 ubi
1051 3356 1105 3416 καί
1122 3379 1187 3417 cunr
1208 3357 1294 3419 τόνδε

223 3461 456 3538 coniungendam
492 3470 544 3521 est.
594 3466 639 3521 eui
667 3459 838 3521 adnectatur
864 3481 901 3520 ex
930 3460 1032 3521 eodem
1063 3463 1189 3521 carmine
1220 3461 1296 3520 alter

222 3569 311 3641 loona,
339 3587 396 3645 quo
418 3586 477 3626 non
499 3570 539 3626 ita
560 3568 644 3627 facile
664 3565 847 3647 hyperbaton
865 3575 996 3626 exortum
1015 3576 1066 3641 est,
1089 3566 1144 3628 Od.
1160 3572 1216 3630 XV
1232 3571 1292 3628 488

331 3682 396 3746 ἀλλ’
419 3680 439 3765 ἦ
460 3708 505 3746 τοι
525 3686 573 3748 σοὶ
593 3683 648 3764 μὲν
669 3686 751 3769 παρὰ
773 3686 823 3745 καὶ
845 3688 928 3770 κακῷ
949 3684 1061 3747 ἐσθλὸν
1082 3682 1201 3764 ἔθηκεν.

221 3825 319 3865 rerum
340 3825 467 3866 conexus
492 3805 568 3865 hanc
596 3825 658 3866 esse
680 3808 852 3866 sententiam
873 3803 957 3865 docet
979 3806 1092 3865 ‘multas
1110 3804 1226 3885 quidem
1248 3825 1295 3865 res

222 3910 358 3971 adversas
386 3930 487 3986 passus
519 3931 564 3986 es,
602 3910 653 3970 sed
682 3920 797 3987 praeter
826 3911 897 3969 haec
924 3912 1080 3971 infortunia
1103 3911 1216 3989 Iupiter
1242 3910 1295 3970 tibi

155 4078 160 4083 ,
224 4019 310 4075 etiam
332 4036 378 4075 res
392 4015 530 4076 secundas
546 4016 673 4091 tribuit’3
696 4020 795 4097 itaque
808 4016 950 4093 particula
965 4021 1016 4075 καί
1029 4016 1167 4075 vocabulo
1184 4013 1295 4076 ἐσθλόν

223 4121 398 4197 applicanda
419 4130 495 4200 erat3
523 4120 649 4181 studium
670 4130 768 4182 autem
788 4120 861 4180 illud
883 4123 1015 4181 notiones
1036 4124 1192 4181 contrarias
1213 4124 1295 4180 iuxta
