3034 4675
666 288 878 343 -55-

237 451 439 510 obscuritatem
457 452 549 532 ¹facile
577 455 667 511 vitare
695 460 800 531 posset,
830 449 921 527 μόνος
941 449 980 509 ad
1001 452 1111 510 exitum
1132 470 1229 511 versus
1251 459 1311 510 tra-

236 558 317 630 iecit,
346 560 456 637 quippe
481 556 561 636 quod
582 559 737 616 maximam
758 558 920 615 sententiae
940 559 998 615 vim
1021 558 1174 615 contineat.
1214 575 1313 636 neque

231 664 327 739 'magis
350 661 469 742 dispicio
490 682 613 737 causam,
637 682 688 721 our
709 670 836 721 mutetur
856 664 957 742 Eurip.
981 661 1047 723 Hel.
1069 683 1096 721 v.
1122 668 1181 724 810

328 787 329 792 ’
403 780 480 843 οὕτω
503 783 617 866 σιδήρῳ
638 783 755 864 τρωτὸν
777 784 830 843 οὐκ
852 780 910 861 ἴχει
933 781 1044 861 deboc,

236 926 304 964 nam
326 904 404 984 quod
425 906 538 964 Atticos
568 914 668 984 poetas
689 926 707 965 a
728 906 780 965 tali
801 905 989 965 collocatione
1016 907 1048 963 in
1070 903 1206 964 diverbiis
1226 926 1310 985 pror·

232 1013 284 1070 'sus
306 1011 489 1070 abhorruisse
511 1010 580 1069 dicit
601 1011 765 1084 Nauckius,
799 1032 858 1069 non
880 1019 957 1069 recte
978 1009 1105 1069 iudicare
1125 1008 1253 1084 videtur,
1283 1013 1308 1070 si

236 1113 352 1193 quidem
388 1114 517 1175 codicum
552 1118 714 1175 auctoritati
744 1119 835 1176 maior
868 1094 955 1195 quam
989 1116 1094 1175 nostris
1123 1115 1311 1195 opinionibus

237 1222 399 1278 reverentia
410 1231 464 1280 ‘est
478 1220 622 1281 habenda.
645 1220 684 1280 ad
697 1220 848 1301 Euripidis
871 1225 958 1299 igitur
973 1221 1136 1301 exemplum
1151 1220 1308 1302 Lycophro

236 1327 395 1384 orationem
429 1326 631 1401 conformavit,
670 1347 735 1387 cum
772 1330 802 1386 in
833 1326 1019 1386 Alexandrea
1047 1347 1075 1386 v.
1106 1333 1166 1388 457
1190 1347 1311 1407 prorsus

235 1429 336 1491 eadem
356 1431 508 1491 verborum
531 1431 718 1513 dispositione
740 1433 854 1492 locutus
877 1442 920 1491 est

398 1555 502 1637 χαλκῷ
522 1555 648 1636 τορητὸν
670 1555 722 1614 οὐκ
749 1551 862 1625 ἔτευξεν
885 1553 916 1614 ἓν
936 1561 1028 1637 μαχῇ.

234 1655 343 1756 'aspice
379 1676 506 1736 Scheerii
542 1697 724 1757 programma
759 1676 960 1736 scholasticum
993 1677 1067 1735 iufra
1099 1678 1213 1755 saepius
1244 1676 1306 1735 lau·

233 1781 370 1855 dandum,
401 1781 529 1841 Ploenae
566 1788 644 1844 1876
677 1782 788 1842 editum
819 1804 848 1863 p.
880 1787 907 1843 82
937 1791 1087 1862 praeterea
1114 1782 1148 1839 cf.
1179 1782 1308 1841 Theocr,

140 1911 144 1924 ,
232 1888 326 1947 XVII
352 1894 407 1948 107

318 1989 486 2074 μορμάκων
508 1989 560 2050 ἅτε
583 1994 709 2061 πλοῦτος
731 1990 776 2050 ἀεὶ
799 1989 920 2070 κέχυται
941 1989 1118 2072 μογεόκτων,

234 2119 292 2180 quo
321 2098 384 2157 loco
412 2096 479 2156 vide
500 2098 652 2156 Fritzschii
681 2096 903 2156 adnotationem.
944 2097 1031 2176 longe
1051 2094 1240 2157 audacissima
1261 2118 1307 2158 se·

233 2207 339 2265 iunctio
368 2206 399 2262 in
428 2205 632 2282 epigrammate
660 2201 810 2263 Leonidae
834 2203 1002 2276 Tarentini,
1033 2224 1093 2262 non
1113 2202 1307 2266 Alexandrini

233 2312 311 2372 illius
332 2310 420 2388 longe
439 2308 590 2381 inferioris,
610 2308 689 2367 anth.
713 2308 775 2368 Pal.
800 2309 856 2372 VII
881 2315 938 2371 731
964 2317 1085 2390 apparet

399 2430 529 2509 ἄμπελος
552 2429 596 2491 dre
615 2430 673 2509 ἤδη
696 2429 810 2508 κάμακι
833 2429 1010 2513 στηρίζομαι
1033 2431 1116 2513 αὐτῷ

437 2534 600 2619 σκηπανίῳ.

232 2678 355 2738 quorum
381 2658 534 2719 verborum
561 2679 625 2719 cum
660 2658 731 2716 haec
759 2659 797 2717 sit
824 2658 967 2716 sententia
998 2657 1089 2715 ‘sicuti
1118 2658 1184 2716 vitis
1214 2655 1308 2716 ricida

233 2766 398 2837 sustinetur,
422 2765 463 2822 sic
483 2783 536 2841 ego
559 2766 616 2823 iam
636 2762 738 2822 baculo
762 2763 857 2835 nitor‘,
879 2761 1048 2822 adverbium
1069 2762 1135 2841 ἤδη,
1167 2762 1245 2841 quod
1263 2761 1303 2821 ad

233 2868 361 2929 verbum.
380 2868 493 2928 finitum
520 2866 697 2949 στηρίζομαι
726 2870 866 2948 pertinet,
896 2870 927 2925 in
955 2870 1135 2926 enuntiatum
1157 2887 1303 2947 compara·

232 2976 322 3034 tivum
354 2976 504 3033 traiectum
535 2982 586 3033 est.
634 2993 692 3053 qua
723 2992 789 3032 cum
822 2973 1009 3032 collocatione
1039 2973 1075 3031 cf.
1105 2973 1180 3032 Plat.
1211 2973 1304 3050 Gorg.
1356 2973 1358 2975 ’

231 3102 260 3158 p.
283 3086 370 3140 1530
392 3076 456 3138 ἀλλ’
472 3077 524 3139 ἐὰν
543 3077 684 3148 πολλάκις
706 3074 777 3149 ἴσως
799 3077 847 3138 καὶ
866 3078 986 3155 βελτίω
1004 3085 1102 3138 ταῦτα
1123 3077 1220 3138 ταύτὰ
1234 3078 1303 3137 (λια-

232 3181 429 3263 σκοπώμεθα,
451 3183 613 3266 πεισθήσῃ,
636 3184 685 3242 ubi
708 3184 839 3243 similiter
856 3186 1028 3264 transposita
1049 3193 1093 3243 est
1107 3182 1209 3243 vocula
1231 3180 1307 3254 ἴσως

231 3310 284 3369 pro
307 3286 372 3348 ἀλλ)
397 3287 484 3365 ἴσως,
514 3288 565 3349 ἐὰν
586 3286 728 3359 πολλάκις
848 3287 1103 3367 ὁλασκοπώμεθα,
1131 3287 1306 3366 coroddam

232 3403 330 3454 tamen
357 3394 505 3473 aliquanto
533 3393 626 3452 lenius
647 3393 717 3465 hoc,
753 3396 890 3472 quoniam
912 3393 963 3454 ἐὰν
984 3392 1126 3464 πολλάκις
1146 3402 1176 3452 et
1196 3393 1307 3453 leviora»

232 3496 361 3577 pondere
382 3498 521 3559 vocabula
543 3507 571 3557 et
592 3500 667 3557 inter
688 3517 719 3557 se
740 3519 834 3579 paene
856 3500 1026 3559 coalescunt.
1068 3497 1119 3559 sed
1140 3519 1204 3557 cum
1228 3500 1305 3557 infra

232 3602 269 3662 de
295 3602 381 3662 simili
409 3604 542 3664 libertate
569 3606 728 3664 accuratius
757 3611 872 3665 acturus
901 3607 970 3679 sim,
1004 3606 1039 3663 cf.
1063 3624 1097 3664 ea
1125 3605 1238 3683 σωθῇ
1265 3610 1303 3666 12

232 3709 421 3789 explicantur.

315 3814 510 3874 Romanorum
531 3833 615 3873 usum
637 3816 666 3871 in
687 3812 851 3873 traiciendis
867 3813 1010 3873 adverbiis
1032 3817 1057 3874 si
1078 3814 1304 3888 consideramus

232 3918 339 3978 similes
359 3919 419 3977 fere
439 3921 631 3978 seiunctiones
651 3921 843 3999 reperiuntur.
875 3920 910 3980 cf.
933 3919 1026 3978 Plaut.
1050 3919 1138 3983 Stich.
1162 3925 1237 3995 111,
1260 3927 1302 3983 23

230 4033 294 4085 tam
317 4025 466 4107 gratidium
484 4026 612 4107 prande,
635 4025 717 4088 Tria.
740 4029 787 4087 111
812 4029 838 4098 3,
863 4030 902 4086 68

384 4134 521 4217 quumvis
543 4154 695 4196 sermones
712 4134 844 4215 possunt
866 4136 949 4218 loayi
969 4135 1074 4209 tetrica,
