3034 4675
654 238 846 305 48-

215 430 310 489 neque
332 431 431 471 eorum
453 423 549 491 partes
571 413 751 486 sectabimur,
775 417 834 492 qui,
857 413 926 471 dum
948 415 1064 471 nomine
1080 414 1284 492 defunguntur,

214 536 275 575 rem
297 523 388 595 ipsam
410 522 568 578 accuratius
590 518 773 578 considerare
794 520 965 596 neglegunt3
996 518 1171 598 quamquam
1194 522 1284 580 brevi-

214 625 280 681 tatis
302 644 388 683 causa
402 627 540 683 terminus
553 627 754 700 grammaticus
771 627 895 682 maxime
910 636 953 683 est
967 629 1152 683 necessarius.
1186 646 1283 684 verum

214 749 273 787 non
295 732 389 806 parvis
411 730 627 788 difficultatibus
649 731 720 787 haec
742 732 871 808 quaestio
893 729 1064 806 impeditur,
1095 751 1159 788 cum
1182 731 1284 807 pulcri·

213 832 294 906 tudo,
317 856 392 914 quae
413 834 450 893 ad
474 835 595 893 formam
616 844 734 913 spectat,
759 844 788 893 et
803 835 909 893 subtile
924 835 1067 912 loquentis
1082 835 1230 892 consilium
1254 838 1285 893 in

214 939 313 1016 lingua
334 941 429 998 alisna
451 940 543 998 multo
563 943 658 1000 minus
671 944 812 1000 sentiatur
826 950 855 1000 et
870 949 985 998 nostrae
998 959 1091 1012 aures,
1115 940 1185 1018 quid
1210 949 1284 1020 vete-

213 1046 293 1103 ribus
317 1044 482 1103 hominihus
504 1055 555 1102 aut
578 1045 651 1103 bene
671 1056 722 1105 aut
744 1047 820 1103 male
849 1048 992 1115 sonuerit,
1022 1054 1101 1102 recte
1127 1045 1284 1104 diiudicare

214 1152 330 1208 minime
360 1153 477 1229 possint.
517 1154 632 1209 omnino
655 1160 804 1228 praeterea
826 1154 856 1208 in
878 1150 983 1208 talibus
1003 1151 1102 1226 figuris
1125 1154 1284 1229 promptius

213 1267 264 1329 est,
288 1276 374 1314 sensu
389 1255 514 1335 quodam
530 1259 684 1334 percipere,
707 1257 778 1335 quid
797 1257 920 1314 voluerit
933 1258 1064 1334 scriptor,
1087 1276 1173 1334 quam
1188 1255 1283 1314 verbis

202 1362 290 1419 *effari
313 1370 343 1419 et
364 1361 521 1438 explanare
536 1371 585 1419 aut
599 1371 677 1419 certa
691 1364 942 1438 argumentatione
956 1360 1161 1418 demonstrare.
1196 1362 1284 1419 habet

212 1476 308 1525 autem
322 1468 423 1525 harum
440 1479 541 1570 rerurq
555 1471 685 1526 tractatio
708 1467 803 1539 aliam,
826 1466 999 1546 peculiarem
1021 1466 1167 1546 quandam
1189 1486 1284 1545 neque

212 1593 274 1631 eam
306 1574 454 1649 exiguam,
486 1571 691 1631 difficultatem.
744 1575 851 1630 etenim
880 1573 965 1630 liuius
994 1572 1148 1650 hyperbati
1175 1573 1285 1649 figurae

212 1678 344 1756 exempla
375 1697 479 1753 magna
495 1697 544 1748 ex
572 1688 655 1755 parte
684 1698 736 1756 per
758 1681 852 1736 avarius
874 1679 956 1756 quasi
978 1680 1156 1753 cognationis
1177 1677 1283 1753 gradus

212 1786 374 1851 cohaerent,
398 1792 437 1855 ut,
461 1786 484 1840 si
507 1782 680 1860 disponendi
701 1803 787 1842 causa
809 1803 842 1840 sa
865 1785 893 1839 in
916 1793 1025 1841 certum
1047 1783 1190 1861 quendam
1209 1765 1287 1842 ονᾶίῘ

212 1910 279 1947 nem
294 1887 430 1948 diducere
446 1888 527 1959 velis,
548 1908 633 1965 aegre
648 1891 774 1966 separari
793 1909 823 1946 se
841 1909 874 1946 ac
890 1887 988 1946 divelli
1002 1892 1157 1966 patiantur.
1186 1898 1283 1947 tamen

212 1998 260 2051 vix
282 1995 344 2052 fieri
366 2003 461 2071 potest
483 1995 554 2071 quin
577 1996 607 2051 in
629 1994 776 2073 complura
794 1997 887 2071 capita
903 1995 977 2053 hanc
991 1997 1188 2071 quaestionem
1204 1993 1282 2071 dige-

211 2119 315 2166 ramus,
339 2100 507 2178 praesertim
523 2118 586 2157 cum
602 2099 723 2157 multum
739 2102 859 2171 intersit,
875 2120 1017 2177 quaenam
1032 2120 1116 2158 voces
1131 2098 1282 2159 distractae

212 2204 376 2282 quibusque
397 2204 544 2262 vocabulis
573 2207 728 2263 interiectis
756 2205 927 2263 dissociatae
954 2208 1020 2264 sint.
1065 2209 1158 2283 prima
1187 2215 1281 2264 autem

133 2297 136 2304 ,
211 2309 400 2388 paragraplm,
424 2309 495 2388 quid
517 2318 628 2369 veteres
653 2310 689 2369 de
712 2311 864 2390 hyperbati
887 2312 979 2388 figura
1000 2314 1159 2384 statuerint,
1184 2314 1282 2390 paucis

211 2415 306 2473 verbis
330 2415 532 2493 explicandum
554 2434 617 2474 esse
638 2417 761 2475 videtur.

212 2639 274 2723 §L
309 2637 403 2733 Quia
423 2639 569 2737 antiqui
588 2641 633 2717 de
652 2641 775 2737 figura
794 2639 995 2739 hyperbati
1014 2636 1279 2715 iudicaverint.

294 2832 404 2890 Vocem
425 2830 580 2909 hyperbati
598 2852 616 2889 a
629 2852 699 2890 voce
720 2831 910 2912 ὑπερβαίνειν
933 2833 951 2887 i.
968 2851 992 2888 e.
1018 2827 1197 2904 ‘transgredi'
1219 2847 1281 2886 esse

209 2935 395 2995 derivandam
419 2946 447 2993 et
469 2934 598 2994 ordinem
620 2936 774 2996 vorborum
796 2937 913 3017 liberius
933 2946 968 3007 et,
992 2945 1025 2993 ut
1041 2957 1059 2993 a
1078 2935 1278 3010 vulgaris-ser·
1314 2915 1317 2923 s

211 3043 303 3099 monis
323 3041 530 3100 consuetudine
549 3041 702 3115 recederet,
726 3044 887 3101 institutum
902 3042 1063 3117 significare
1077 3044 1127 3099 vix
1142 3048 1184 3097 est
1202 3038 1279 3116 quod

210 3165 437 3205 commemorem.
465 3147 519 3205 hac
534 3150 727 3224 grammatica,
749 3159 781 3206 ut
799 3152 838 3205 ita
853 3147 954 3218 dicam,
978 3149 1096 3204 notione
1110 3144 1278 3203 vocabulum

210 3271 227 3308 a
250 3252 371 3311 Platone
392 3255 515 3331 primum
538 3264 707 3332 usurpatum
732 3257 901 3324 invenimus,
928 3254 979 3331 qui
1001 3254 1115 3326 Protag.
1143 3256 1221 3311 3430
1243 3248 1280 3307 de

210 3355 365 3415 Simonidis
387 3359 515 3416 versibus
538 3358 658 3436 (Bergk.
682 3368 757 3437 poet.
783 3359 839 3437 lyr.
862 3358 925 3416 Ill4
951 3357 1024 3436 386)
1052 3346 1133 3437 ἄνᾶρ’
1160 3355 1279 3436 ἀγαθὸν

209 3458 264 3538 μὲν
287 3461 427 3532 ἀλαθέως
448 3461 588 3542 γενέσθαι
608 3462 741 3542 χαλεπόν
762 3464 909 3522 Socratem
931 3463 1096 3540 loquentem
1119 3462 1186 3519 facit
1215 3450 1275 3518 ἀλλ’

210 3566 381 3647 ὑπερβατὸν
406 3566 456 3626 dai
481 3570 582 3627 θεῖναι
612 3567 644 3627 ἐν
672 3570 714 3651 τῷ
742 3559 854 3653 ᾄσματι
883 3568 916 3628 τὸ
945 3565 1095 3637 ἀλαθέως.
1139 3569 1225 3624 etiam
1250 3566 1278 3621 in

210 3672 399 3730 Anaximenis
430 3682 493 3732 arte
524 3674 667 3732 rhetorica
695 3673 733 3732 ad
760 3670 975 3743 Alexandrum,
1014 3692 1090 3750 quae
1117 3670 1279 3729 Aristotelis

210 3780 326 3835 nomine
344 3780 480 3856 inscripta
497 3788 547 3850 est,
571 3800 639 3856 cap·
655 3787 691 3840 30
717 3778 863 3859 (Spengel.
886 3802 913 3856 p.
932 3785 980 3849 60,
999 3777 1053 3856 24)
1072 3779 1157 3836 huius
1172 3777 1281 3853 figurae

210 3886 316 3942 mentio
345 3884 378 3940 fit
396 3883 464 3943 ,ἀπὸ
493 3892 554 3942 τῶν
587 3873 753 3960 ὀνομάτων,
786 3879 836 3941 ἐὰν
861 3920 901 3926 —
928 3883 971 3960 μὴ
1001 3882 1179 3962 ὑπερβατῶς
1201 3880 1279 3941 αὐτὰ

210 3991 362 4066 τιθῶμεν,
392 3978 457 4046 ἀλλ)
484 3989 528 4047 dal
559 3989 597 4048 τὰ
626 3987 753 4066 ἐχόμενα
784 3983 850 4066 ἑξῆς
879 3984 1047 4065 adtremat.
1091 3987 1192 4046 eodem
1220 3990 1280 4045 fere

209 4093 294 4151 modo
318 4097 347 4152 in
370 4095 443 4152 libro
466 4094 531 4172 περὶ
554 4094 661 4171 ὕψους,
686 4096 734 4169 qui
758 4095 847 4152 Cassii
871 4096 997 4170 Longini
1018 4094 1127 4150 nomini
1147 4092 1279 4151 addictus
