3034 4675
622 302 678 317 ,„
723 270 766 334 54
808 244 867 315 -’

211 458 275 497 eum
297 440 380 498 tmesi
406 442 492 515 etism
510 428 691 520 'anastrophe
720 442 873 500 coniuncta
894 441 1047 513 invenitur,
1078 439 1167 498 veluti
1194 442 1279 516 Verg.

210 542 286 602 Aen.
309 547 340 606 II
364 550 424 606 792

334 661 380 712 rer
399 663 525 715 conotus
547 652 592 715 ibi
611 651 687 715 collo
709 652 786 713 dare
807 650 951 713 bracchia
972 650 1096 712 circum.

288 754 330 813 Ar
342 757 374 814 in
387 756 487 834 lingua
495 757 602 816 Latino
616 756 687 817 haec
700 756 795 834 figura
806 755 892 814 latius
905 754 1032 834 patebat,
1047 776 1112 814 oum
1126 755 1201 814 alise
1211 775 1281 835 quo·

212 879 270 938 que
284 880 368 919 voces
389 880 428 920 ex
441 861 554 922 duobus
576 860 710 921 membris
731 861 906 941 oompositae
927 862 958 918 in
971 869 1068 939 partes
1088 879 1155 919 suus
1169 858 1282 918 dirime·

211 974 319 1023 renurr.
352 967 581 1046 frequentissime
602 987 620 1025 a
641 967 812 1047 pronomine
827 964 946 1023 relativo
964 967 1124 1042 seiungitur
1138 965 1282 1044 ιαιιιιαιια,

128 1073 129 1084 ’
211 1069 246 1128 of.
268 1053 377 1130 Holtzii
398 1082 475 1152 synt.
493 1075 577 1153 prise.
600 1073 649 1135 lat.
669 1092 699 1150 p.
719 1076 791 1142 219,
815 1070 935 1137 ετᾙοτ.
954 1089 1041 1129 osrm.
1063 1076 1089 1133 I·
1102 1078 1130 1144 9,
1159 1077 1204 1143 14,
1226 1069 1281 1135 Ov.

210 1184 277 1238 met.
286 1180 343 1240 VII
359 1182 429 1250 584,
453 1178 511 1237 Cir.
523 1175 561 1236 de
577 1186 648 1240 orat.
658 1180 703 1239 III
720 1181 748 1248 6,
772 1174 889 1254 Apuleii
903 1175 979 1256 apol.
992 1195 1054 1255 rep.
1068 1184 1105 1238 54
1118 1178 1201 1261 quod
1213 1199 1282 1240 ron·

211 1280 309 1344 ditum
323 1302 453 1366 eurique3
476 1285 692 1342 coniunctiones
707 1283 879 1361 ‘antequem’
900 1289 928 1339 et
951 1282 1135 1361 ‘priusquam’
1153 1281 1283 1342 similiter

181 1429 183 1436 .
210 1405 263 1467 per
284 1390 388 1447 tmesin
409 1387 594 1463 collocantur,
616 1388 652 1447 el.
670 1386 892 1465 Herlzbergium
911 1384 950 1445 ad
971 1386 1058 1466 Prop.
1082 1392 1128 1451 ΙΙΙ
1152 1393 1200 1461 25,
1225 1394 1281 1462 26ς

211 1501 299 1572 etque
319 1492 489 1554 adverbium
511 1493 591 1573 φατ’,
625 1490 704 1572 quod
726 1513 779 1572 pro
801 1491 902 1553 ‘valde’
925 1495 1051 1572 ponitur,
1074 1512 1282 1572 nonnunquam

213 1596 360 1658 divellitur
380 1598 418 1658 ab
439 1617 475 1657 eo
488 1597 639 1671 vocabulo,
661 1600 708 1657 oui
729 1601 787 1655 vim
811 1595 901 1670 addit,
924 1618 1011 1677 quam
1033 1606 1063 1657 et
1084 1600 1176 1678 ipsum
1195 1598 1282 1675 vulgo

210 1706 314 1762 tmesin
342 1711 461 1774 vocant,
499 1702 534 1760 of.
558 1701 657 1761 Plaud-
682 1703 747 1762 css.
770 1707 800 1766 II
824 1708 852 1781 6,
880 1708 929 1766 18.
975 1703 1048 1762 tales
1076 1713 1172 1763 sutem
1200 1724 1282 1764 vosa-

210 1807 344 1873 bulorum
366 1811 557 1869 seiunctioues
572 1807 743 1889 plerumque
765 1809 848 1866 metri
866 1809 981 1869 vinculo
1002 1829 1066 1869 esse
1086 1810 1184 1883 forms,
1207 1830 1281 1869 eorn-

210 1914 335 1994 probant
357 1933 390 1971 ea
411 1912 560 1993 exempla,
592 1913 698 1994 quibus
718 1932 776 1972 vox
805 1914 861 1972 nisi
889 1933 942 1994 per
969 1917 1073 1973 tmesin
1095 1912 1230 1973 distracta
1252 1918 1282 1974 in

209 2039 323 2079 versum
344 2013 488 2099 quadrare
508 2039 568 2077 non
589 2020 695 2099 possit,
731 2016 785 2077 Ov.
808 2027 876 2078 met„
898 2018 963 2078 XII
985 2026 1043 2081 497
1067 2020 1156 2104 inquo
1179 2041 1282 2083 eruero

210 2131 299 2193 νιαιι,
322 2121 411 2199 verg.
433 2124 540 2201 (ταις,
562 2128 608 2186 111
633 2129 691 2185 381
1032 2107 1035 2114 '

364 2245 434 2308 talis
455 2243 657 2329 Hyperboreo
678 2255 792 2328 septem
814 2246 947 2309 subiecto
969 2246 1073 2321 trioni,
1142 2320 1153 2336 ι

210 2387 334 2447 quocum
360 2368 423 2427 loeo
450 2370 580 2428 conferas
607 2367 660 2428 Ov.
684 2378 750 2432 met.
772 2376 787 2433 Ι
818 2377 868 2433 64.
895 2370 1049 2427 maximam
1076 2378 1175 2428 sutem
1195 2369 1282 2430 liber·

209 2480 314 2546 tatem,
348 2493 423 2552 quae
445 2476 576 2533 excusari
601 2477 651 2532 vix
672 2482 785 2555 potest,
814 2475 927 2533 Ennius
952 2472 1006 2533 sibi
1036 2477 1192 2555 assumpsit
1218 2475 1282 2535 loco

169 2556 171 2561 .
210 2579 266 2636 iam
298 2597 317 2636 s
353 2578 497 2639 veteribus
526 2581 719 2656 grammatiois
748 2597 837 2658 saepe
872 2579 959 2637 citato
989 2578 1056 2658 (frg.
1083 2586 1151 2654 122,
1188 2602 1217 2660 p.
1242 2586 1280 2642 85

210 2681 337 2764 Vahlen)
361 2704 437 2749 εααο
457 2704 523 2746 cere
546 2683 721 2746 comminuit
744 2683 844 2746 brom.
873 2683 940 2743 vide
962 2687 1048 2744 etiam
1063 2684 1282 2745 Lsehmsunum

211 2790 242 2848 in
263 2791 468 2849 commentario
489 2789 662 2848 Lueretisno
681 2809 709 2868 p.
739 2793 806 2862 190,
844 2790 966 2871 Hauptii
988 2811 1034 2870 op.
1058 2794 1104 2854 ΙΙΙ
1128 2796 1198 2852 357.

380 3047 403 3129 ἓ
426 3050 460 3130 5.
509 3052 560 3130 llo
588 3050 854 3130 adverbiorum
879 3052 1115 3131 traiectione.

296 3256 445 3317 Adverbia
466 3278 531 3317 oum
553 3278 587 3317 eo
609 3258 767 3335 ungantur
795 3257 903 3331 officio,
933 3267 967 3317 ut
994 3257 1083 3318 verbs
1111 3267 1161 3318 aut
1188 3257 1280 3318 ediec·

211 3363 269 3419 tiva
290 3371 340 3421 aut
360 3362 498 3422 adverbia
515 3367 674 3429 eocuratius
694 3361 842 3436 definiant,
859 3363 904 3422 his
922 3363 1009 3432 vulgo
1031 3373 1082 3423 aut
1102 3372 1282 3444 anteponun-
1384 3354 1389 3365 ’

211 3475 259 3525 tur
295 3476 346 3525 aut
385 3470 515 3547 proxime
545 3467 733 3528 subiciuntur.
768 3467 818 3527 sed
851 3467 929 3527 haud
961 3487 1026 3529 raro
1059 3489 1124 3528 eum
1153 3468 1282 3549 emphasi

212 3569 338 3650 quadam
360 3592 378 3629 a
400 3575 459 3632 suis
480 3574 598 3632 vocibus
620 3573 684 3633 aliis
705 3573 852 3633 vocabulis
874 3576 988 3634 insertis
1009 3577 1208 3651 seiunguntur.
1242 3576 1283 3633 sie

212 3674 300 3736 Hom.
322 3676 358 3736 Il.
381 3684 413 3741 II
437 3684 497 3739 314

340 3795 406 3859 ἕνθ’
427 3798 475 3881 ὅγε
497 3794 568 3870 τοὺς
589 3798 699 3859 ἐλεεινὰ
720 3799 870 3877 κατήσθιε
892 3808 1073 3882 τετριγῶτας

211 3919 379 3982 adverbium
418 3919 530 3982 ἓλεεινά
565 3919 603 3980 ad
638 3923 823 4002 participium
858 3930 1040 4005 τετριγῶτας
1068 3906 1214 4006 pertinet,
1252 3931 1284 3981 ut

213 4023 324 4086 ἐλεεινὰ
344 4024 481 4106 οἰμώζειν
509 4027 618 4085 dictum
641 4035 684 4086 est
705 4027 802 4086 XXII
824 4033 897 4093 408.
922 4037 1071 4109 praeterea
1098 4029 1133 4087 ef.
1162 4027 1217 4090 Od.
1240 4033 1282 4092 IV

213 4138 274 4193 505
297 4127 398 4213 μεγάλ’
424 4129 524 4191 ἔκλαεν
546 4131 740 4210 αὐδήσαντος,
765 4130 878 4191 Gallim.
901 4133 994 4195 h.1v
1018 4137 1056 4193 86
