3034 4675
656 275 869 339 ..95-

232 448 327 523 novi’,
355 448 522 509 incedentes
552 449 598 508 illi
626 450 656 508 in
684 450 755 524 ipsis
777 451 1041 510 Alexandrinorum
1064 451 1208 525 vestigiis,
1239 454 1299 513 sol·

231 554 366 613 lemniter
394 552 456 613 lere
487 554 668 615 substantiva
698 561 728 615 et
762 556 907 615 adiectiva
933 556 1069 615 audacius
1097 572 1150 630 per
1184 573 1299 617 versum

232 659 443 734 dispeseebant.
478 659 546 718 licet
578 661 766 720 commoditas
799 661 896 734 aliqua
928 661 966 720 ad
998 678 1100 722 versus
1132 662 1300 723 condendos

230 766 369 825 Romanis
398 766 469 824 haec
498 766 637 839 perplexa
664 766 812 826 schemata
839 767 1099 844 commendaverit,
1135 768 1202 841 quia
1233 785 1299 827 curn

228 875 321 930 metro
337 853 495 948 ¹dactylico
528 871 611 944 quasi
636 872 777 931 coaluisse
813 872 965 948 videntur,
1001 859 1169 946 saepissime
1200 882 1298 934 tamen

230 981 368 1036 consucta
393 975 483 1035 series
511 982 619 1034 certam
649 976 686 1035 ob
714 994 830 1036 causam
858 978 962 1036 relicta
990 983 1050 1050 est,
1083 985 1115 1038 ut
1134 980 1301 1039 variaretur

229 1088 316 1155 atque
338 1079 520 1141 artificiosior
549 1079 633 1158 lieret
654 1084 747 1142 oratio
769 1090 819 1143 aut
840 1083 984 1155 elegantia
1008 1084 1149 1157 quaedam
1171 1085 1298 1171 eluceret

231 1186 439 1245 versiculorum
468 1187 645 1261 singulorum
677 1187 868 1247 hemistichiis
900 1204 985 1261 quam
1017 1190 1187 1262 aequissime
1220 1206 1300 1248 com·

228 1291 333 1365 positis
365 1297 416 1350 ant
451 1292 623 1352 vocabulum
656 1293 687 1352 vi
719 1310 771 1352 sua
807 1295 977 1366 praevalens
1009 1294 1198 1353 eminentiore
1233 1295 1300 1353 loco

230 1403 396 1470 poneretur.
434 1403 502 1456 sunt
529 1397 605 1457 enim
627 1394 728 1472 multi,
759 1398 861 1471 quibus
882 1399 944 1457 sine
966 1398 1026 1458 nlla
1047 1400 1200 1459 verborum
1220 1414 1297 1459 com-

227 1503 386 1562 mutatione
420 1505 568 1578 vulgarem
601 1504 730 1564 ordinem
762 1504 916 1564 restituere
951 1505 1054 1577 possis.
1098 1509 1130 1563 ut
1165 1507 1301 1579 exemplo

228 1613 293 1666 utar
316 1605 393 1667 forte
414 1614 578 1681 occurente,
603 1609 664 1669 Cat.
688 1610 739 1680 64,
763 1610 802 1668 63

382 1730 443 1771 mora
460 1708 542 1789 flauo
565 1710 695 1773 retineas
717 1709 857 1772 subtilem
878 1711 985 1772 vertice
1006 1710 1131 1773 mitram

230 1818 320 1876 verba
340 1818 383 1877 ita
398 1819 534 1878 ordinare
557 1819 626 1878 licet
650 1814 716 1877 ‘non
737 1819 867 1879 retinens
889 1816 1011 1878 mitram‘
1030 1820 1077 1879 vel
1099 1817 1167 1878 ‘non
1181 1821 1298 1879 mitram

227 1923 356 1982 retinens
386 1924 521 1983 subtilem
551 1925 660 1984 vertice
689 1921 786 1983 flavo’.
831 1925 928 1997 itaque
955 1931 1041 1998 poeta
1073 1932 1186 1985 acutam
1215 1925 1297 1983 illam

229 2028 437 2087 vocabulorum
466 2024 578 2103 πλοκήν
610 2030 764 2103 praetulit,
801 2031 932 2102 quamvis
962 2032 1044 2090 nulla
1074 2032 1104 2090 vi
1136 2037 1298 2104 cogeretur.

228 2150 317 2205 quare
338 2135 462 2207 gratiam
484 2140 514 2195 et
534 2135 742 2194 iucunditatem
765 2151 829 2194 sum
846 2135 1022 2209 quaesivisse
1043 2134 1226 2195 manifestum
1242 2143 1295 2196 est.

226 2243 295 2310 quot
321 2245 416 2297 autem
447 2257 464 2299 e
494 2240 618 2300 diversis
647 2240 894 2300 substantivorum
923 2248 953 2299 et
981 2240 1186 2300 attributorum
1220 2260 1297 2315 sym-

225 2346 379 2420 plegmatis
417 2348 549 2406 oriantur
589 2345 731 2407 formulae
768 2354 797 2406 et
838 2346 979 2420 quomodo
1016 2343 1151 2407 differant
1191 2348 1299 2422 singuli

209 2457 339 2527 poetae,
362 2453 433 2512 satis
455 2470 598 2528 superque
620 2453 657 2513 ab
679 2453 745 2512 aliis
767 2457 812 2512 est
833 2452 994 2526 expositum
1004 2447 1041 2528 ¹).
1085 2470 1205 2535 quorum
1229 2454 1297 2513 dili·

171 2574 177 2580 ·
226 2573 295 2630 gens
325 2573 395 2616 cura
423 2557 533 2634 effecit,
567 2566 600 2617 ut
627 2559 699 2617 mihi
727 2559 785 2616 iam
813 2558 887 2617 nihil
910 2559 1035 2632 amplius
1057 2558 1099 2617 sit
1120 2559 1294 2618 addendum.

225 2661 280 2721 hoc
302 2668 399 2721 tamen
421 2664 495 2727 scitu
517 2670 561 2723 est
582 2664 654 2724 utile
675 2666 706 2723 in
728 2665 870 2724 eiusmodi
885 2664 1025 2736 exemplis
1042 2664 1174 2723 codicum
1195 2669 1297 2724 aucto·

225 2767 306 2827 ritati
333 2786 436 2842 parum
458 2784 521 2828 esse
549 2754 751 2855 tribuendum:
785 2769 900 2829 librarii
929 2770 1084 2829 admodum
1112 2770 1295 2829 indulserunt

226 2873 390 2948 vocabulis,
420 2881 513 2933 metro
536 2876 728 2947 concedente,
751 2874 984 2948 transponendis.
1018 2875 1176 2948 simplicior
1198 2879 1295 2933 autem

175 2955 179 2964 ¹
226 2977 347 3040 duorum
370 2978 617 3040 substantivorum
638 2997 702 3039 cum
724 2979 877 3039 adiectivis
892 2980 998 3054 positio
1013 2980 1054 3038 eis
1067 2979 1140 3037 locis
1160 2984 1295 3053 apparet,

224 3082 275 3141 ubi
296 3061 419 3143 alterum
446 3085 655 3145 substantivum
685 3100 749 3143 cum
779 3101 830 3143 suo
851 3084 993 3144 attributo
1015 3084 1198 3142 coniunctum
1217 3083 1298 3141 inter

225 3191 348 3248 altemm
376 3207 480 3249 nomen
507 3191 624 3264 eiusque
657 3190 832 3250 adiectivum
859 3189 1031 3266 intercedit,
1068 3195 1101 3247 ut
1129 3189 1212 3265 Tyrt.
1236 3184 1295 3260 frg.

224 3299 253 3367 5,
277 3313 304 3354 v.
327 3296 345 3355 6
367 3295 475 3370 Bergk.

430 3395 575 3476 αἰχμηταὶ
598 3394 735 3479 πατέρων
756 3396 908 3478 ἡμετέρων
929 3391 1064 3475 πατέρες.

293 3602 314 3669 ¹)
340 3607 452 3670 Inspice,
471 3624 494 3657 s1
506 3624 560 3658 non
572 3608 651 3672 piget,
659 3610 784 3670 mandem
796 3606 1042 3656 commentationum
1053 3601 1157 3653 silvam
1177 3605 1295 3666 Langen

223 3696 241 3744 l
260 3711 289 3759 c.,
308 3697 395 3760 Fiscb,
420 3700 453 3746 de
473 3697 598 3746 Catulli
590 3713 620 3746 ru
646 3696 780 3746 vocabulis
803 3695 963 3744 collocandis
982 3701 1038 3743 arte
1061 3701 1160 3755 quaest.
1181 3693 1294 3741 selectae
1329 3661 1392 3765 7<

220 3785 301 3845 (Bari.
323 3784 404 3850 1875),
423 3785 553 3849 Gebhard,
574 3788 606 3833 de
624 3786 681 3834 Tib
691 3787 768 3849 Prop.
781 3784 829 3835 Ov
842 3784 959 3833 distichis
970 3781 1080 3845 (Regum
1096 3779 1177 3845 lavo),
1196 3782 1292 3842 Krafft,

222 3877 255 3923 de
269 3876 367 3924 artibus
386 3890 450 3937 quas
462 3875 521 3926 Tib.
535 3881 562 3923 et
571 3876 721 3938 Lygdamus
736 3875 764 3922 in
780 3875 896 3924 versibus
913 3871 1100 3921 concinnandis
1117 3870 1294 3919 adhibuerunt

220 3964 305 4027 (Halis
326 3962 402 4027 1874)
424 3979 449 4027 p.
472 3965 501 4014 11
522 3978 592 4026 sqq.,
620 3964 652 4014 29
671 3979 735 4027 sqq,
764 3962 829 4025 Birt,
855 3964 888 4011 ad
911 3962 1045 4009 historiam
1068 3959 1211 4008 hexametri
1232 3960 1294 4006 Lat.
1390 3946 1399 3961 ⁴

223 4053 340 4116 symbola
362 4051 456 4116 (Bonn.
482 4049 562 4116 1876),
599 4049 724 4116 Gcbbing,
755 4054 788 4100 de
810 4050 908 4100 Valerii
933 4050 1022 4099 Flacci
1046 4048 1127 4110 tropis
1151 4056 1176 4097 ct
1202 4046 1292 4109 liguris

220 4143 313 4203 (hlaib.
330 4140 405 4205 1878)
424 4156 449 4203 p⁴
463 4142 503 4205 58,
539 4139 697 4204 Streifinger,
718 4142 750 4189 de
769 4147 836 4203 synt.
854 4139 911 4188 Tib.
