3034 4675
662 296 871 361 -32„

231 478 266 530 ut
294 470 439 531 adiectiva
461 473 554 545 κακῆς
583 465 676 527 κακόν
704 472 899 541 assonantiam
929 472 1073 544 quandam
1099 468 1249 531 efficerent
1275 479 1309 532 et·

232 577 353 637 eundem
378 577 476 637 sedem
500 583 674 650 occuparent
703 582 790 649 atque
814 578 961 636 contrarie
982 569 1136 654 σώφρονος
1157 579 1308 655 κρεῖσσον,

232 683 311 757 apud
333 682 455 741 eundem
476 688 591 755 poetam
612 681 646 741 Ο.
670 682 701 743 O.
726 681 787 741 125
807 698 869 754 sqq.

526 780 560 841 ὃν
581 781 637 863 ἐγὼ
658 781 791 849 λεύσσων
812 782 878 865 περὶ
901 791 961 841 πᾶν
982 782 1065 842 οὔπω

527 885 658 965 δύναμαι
680 884 800 965 τέμενος

526 999 635 1073 γνῶναι
657 1000 715 1052 ποῦ
736 992 792 1070 μοί
811 1015 882 1053 ποτε
905 992 989 1072 ναίει,

235 1101 424 1163 insolentiore
455 1102 625 1161 traiectione
654 1102 829 1162 substantivi
859 1097 990 1177 τέμενος,
1020 1102 1098 1176 quod
1117 1102 1155 1161 ad
1183 1102 1308 1182 partici-

233 1209 312 1282 pium
334 1201 466 1262 λεύσσων
488 1208 625 1283 pertinet,
648 1207 785 1267 concitati
804 1209 885 1267 chori
904 1209 1016 1268 animus
1034 1207 1144 1282 optime
1164 1206 1307 1281 pingitur.

233 1314 291 1372 iam
313 1313 451 1373 audacius
473 1317 518 1372 est
538 1312 741 1387 Lycophronis
763 1314 837 1374 illud
854 1313 935 1374 1224
953 1331 995 1387 so.

402 1411 518 1484 πάντας
539 1409 574 1473 δ’
597 1413 734 1495 ἀνάγνοις
752 1414 857 1496 χερσὶν
877 1413 908 1474 ἓν
929 1415 990 1496 ναῷ
1012 1419 1110 1473 κτενεῖ

403 1514 549 1595 λώβαισιν
571 1518 765 1590 αἰκισθέντας
786 1515 925 1600 Ὀμιιιάου
945 1517 1075 1601 βόθρου,

232 1628 282 1689 ubi
310 1628 460 1704 genetivus
488 1629 677 1689 attributivus
705 1621 845 1706 'Oyuor'ov
872 1622 993 1705 βόθρου
1026 1629 1063 1688 ad
1091 1628 1307 1689 substantivum

232 1732 294 1815 ναῷ
317 1741 438 1810 spectat.
471 1750 564 1806 neque
592 1736 690 1808 prisca
717 1737 888 1795 Latinorum
917 1735 1013 1810 poesis
1042 1736 1116 1794 hanc
1149 1733 1307 1793 verborum

232 1842 430 1901 traiectionem
454 1836 577 1914 refugit;
601 1837 639 1898 cf.
662 1840 758 1900 Plaut.
781 1841 845 1902 Mil.
868 1841 907 1914 gl.
931 1840 962 1897 II
986 1838 1013 1911 1,
1034 1839 1072 1898 72
1088 1857 1130 1913 sq.

386 1953 412 2005 ed
433 1961 506 2003 moa
525 1962 562 2004 ne
584 1941 701 2017 ιννσὶι,
723 1940 796 2003 haec
817 1943 951 2005 duorum
972 1933 1061 2004 Ῐιοάὶυ
1082 1940 1176 2004 omem

385 2057 413 2109 et
434 2046 503 2108 Ιιιιισ
526 2059 552 2110 et
573 2046 654 2109 iuius
677 2048 786 2110 ιιιιάιον
806 2047 884 2127 feret
905 2045 1076 2129 imapinem.

230 2156 257 2216 si
286 2162 381 2215 autem
409 2156 621 2217 substantivum
651 2163 681 2218 et
713 2157 888 2216 adiectivum
920 2156 1029 2215 eisdem
1063 2172 1197 2216 versuum
1229 2156 1309 2215 locis

115 2255 117 2258 ’
230 2262 428 2338 collocantur,
471 2279 675 2338 nonnunquam
711 2260 844 2322 stmiliter
882 2261 1053 2321 exeuntibus
1088 2261 1195 2321 litteris
1232 2278 1305 2323 con·

231 2368 366 2428 sonantia
388 2369 495 2441 existit,
518 2376 551 2428 ut
572 2368 657 2431 Hom.
680 2368 734 2427 Od.
755 2368 857 2427 XVIII
877 2370 895 2427 8
914 2385 957 2441 sq.

401 2467 483 2530 ὅσσοι
505 2467 547 2529 ε’νὶ
568 2469 723 2552 μεγάροισι
745 2468 897 2551 γερούσιον
918 2466 1037 2528 αἴθοπα
1058 2462 1136 2529 οἶνον

404 2573 461 2633 uisi
484 2571 577 2659 ulvsu'
600 2574 723 2653 ἐμοῖσιν,
746 2572 932 2647 ἀκουάζεσθε
954 2570 990 2632 d'
1013 2574 1124 2651 cortou,

232 2684 356 2744 Theocr.
379 2684 463 2744 XXV
487 2683 548 2744 184
574 2701 628 2757 sq„
650 2685 746 2765 Noun.
769 2684 856 2743 Dion.
878 2684 950 2743 XVI
970 2685 1031 2744 378
1054 2702 1096 2757 sq.

339 2785 417 2866 ἀμφὶ
440 2781 474 2844 δὲ
495 2784 648 2862 Δίνδυμον
670 2773 760 2866 άκρον
782 2783 929 2864 ὁμήλυάες
952 2780 1056 2864 ἴγγυθι
1078 2783 1191 2864 λόχμης

342 2886 517 2961 norontem
540 2888 703 2969 μέμψαιτο
724 2889 899 2967 Κυβήλιιὶες
921 2889 1001 2967 ἤθεα
1024 2890 1152 2972 νάμφηςζ

319 3001 377 3060 Sed
397 3000 444 3060 hio
465 3001 584 3076 paulum
605 3001 777 3076 censimum,
807 3017 844 3073 pe
866 3000 943 3073 quod
965 3016 1080 3060 causam
1099 3017 1192 3061 meam
1215 3002 1306 3060 attin·

234 3111 283 3180 gat
298 3107 528 3180 praetermisisse
543 3106 633 3165 dicer.
667 3107 745 3181 quod
761 3106 837 3166 enim
851 3107 979 3179 pertinet
1000 3107 1038 3166 ad
1058 3107 1133 3164 hanc
1148 3106 1305 3166 verborum

231 3228 285 3287 per
312 3212 384 3271 duos
406 3227 506 3271 versus
529 3212 784 3284 dispescendorum
805 3213 963 3280 rationem,
993 3212 1188 3271 attendendae
1207 3213 1307 3272 adhuc

231 3323 299 3375 sunt
313 3324 410 3376 certae
425 3317 622 3377 collocationis
644 3316 763 3386 formae,
784 3333 856 3390 quas
869 3322 972 3390 poetae
991 3317 1116 3375 maxime
1137 3314 1307 3390 frequenta·

230 3429 307 3480 runt
338 3439 438 3483 verum
451 3422 483 3481 id
499 3440 575 3481 nuno
589 3438 646 3481 non
661 3440 724 3497 ago,
746 3429 779 3481 ut
800 3421 864 3481 fuse
886 3437 920 3480 ac
934 3422 1048 3495 prolixe
1067 3439 1127 3481 rem
1149 3439 1307 3497 exponam

231 3528 301 3586 satis
323 3526 435 3587 habebo
457 3528 690 3587 memorabiliores
711 3543 818 3602 genera
837 3527 950 3586 idoneIs
972 3529 1112 3601 exemplis
1128 3529 1302 3588 declarasse.

232 3633 274 3691 sio
303 3633 405 3706 primIs
436 3633 557 3692 duorum
587 3647 720 3692 versuum
749 3632 821 3690 locis
842 3631 1052 3691 substantivum
1075 3641 1105 3692 et
1126 3634 1305 3693 adiectivum

231 3744 378 3813 ponuntur
398 3738 482 3797 Hom.
506 3738 542 3796 Il.
565 3737 620 3796 XV
641 3736 718 3797 1448
741 3754 784 3810 sq.

358 3837 459 3898 πολλοὶ
479 3837 536 3919 γὰρ
559 3836 625 3920 περὶ
647 3826 723 3898 άοτυ
743 3833 820 3917 μέγα
841 3837 996 3920 Πριάμοιο
1013 3838 1163 3917 μάχονται

359 3939 434 4014 υἱέες
454 3941 630 4010 ἀθανάτων,

231 4053 270 4114 cf.
287 4052 408 4112 Theocr.
421 4053 521 4112 XXIV
536 4054 576 4113 80
594 4071 648 4129 sq.,
673 4054 767 4112 Noun.
791 4053 878 4115 Dion.
908 4054 995 4114 XXII
1019 4055 1080 4113 295
1101 4071 1154 4128 ιο,
1178 4054 1303 4112 Paulum

231 4158 333 4218 Silent
350 4160 435 4219 anth.
457 4158 520 4217 Pal.
542 4158 586 4216 XI
610 4158 659 4230 60,
684 4159 702 4218 3
722 4177 764 4233 sq.
797 4159 885 4220 simili
906 4160 992 4219 modo
1014 4159 1152 4218 extremis
1169 4158 1307 4218 versibus

1501 2242 1511 2278 t
