3034 4675
670 249 883 311 ..43-

328 441 401 481 narn
422 440 516 503 neque
539 419 637 482 adhuc
668 417 760 482 Vario
783 420 888 484 videor
909 435 962 480 uec
984 419 1082 482 dicere
1110 422 1209 485 Cinna

301 595 302 598 Ἴ
328 525 431 607 timna,
456 526 509 587 sed
534 534 658 606 arpatoa
680 524 759 586 inter
781 534 914 607 strepere
933 545 1023 586 arcear
1046 526 1153 591 olores.
1219 587 1221 592 ,

243 628 420 690 Callimacho
442 629 617 688 consimilem
639 629 793 701 licentiam,
815 639 849 689 ut
869 631 1109 710 praepositionem
1130 640 1160 691 et
1180 633 1311 692 snbstan-

242 737 332 794 tivum
363 738 394 794 in
427 738 508 812 initio
540 744 570 793 et
596 734 654 793 fine
683 735 822 795 enuntiati
856 743 992 814 poneret,
1029 734 1149 796 adscivit
1176 737 1312 798 Tibullus

241 841 305 915 re,
331 846 369 903 ao
877 830 879 834 ’

369 945 585 1019 irasciturum,
618 956 724 1007 contre
746 946 813 1029 quia
836 945 916 1012 l'erar
939 968 1028 1007 arena
1050 944 1145 1008 deos?

241 1091 301 1150 qua
320 1070 409 1130 verba
428 1069 600 1149 disponendi
622 1073 733 1130 ratione
755 1080 784 1129 et
805 1072 1025 1150 praepositionis
1046 1074 1200 1132 notionem
1213 1075 1312 1151 augeri

243 1186 272 1236 et
300 1176 385 1236 simul
406 1174 617 1234 substantivum
644 1176 790 1234 fortiorem
812 1178 949 1254 consequi
977 1187 1125 1236 accentum
1155 1197 1240 1237 nemo
1268 1187 1312 1237 est

243 1285 295 1360 qui
325 1302 384 1340 non
406 1279 510 1339 videat.
551 1281 587 1338 cf.
610 1259 718 1342 Tibssl
744 1288 772 1352 7,
786 1268 789 1272 Δ
803 1285 853 1342 56.
897 1301 956 1340 non
989 1302 1140 1362 possumus
1168 1283 1222 1342 hoc
1249 1283 1312 1343 loco

241 1379 357 1445 silentio
386 1388 544 1465 praeterire
571 1381 768 1465 hyperbaton,
797 1385 877 1464 quod
898 1386 1052 1445 Maecenas
1080 1389 1110 1444 in
1139 1387 1312 1448 carminibus

242 1491 367 1557 admisit.
411 1491 608 1566 Quintilianus
630 1490 773 1553 enim'IX
795 1496 824 1564 4,
849 1495 888 1552 28
916 1493 991 1550 inter
1012 1492 1144 1572 exempla
1165 1502 1313 1553 contortas

242 1597 393 1659 verborum
417 1599 665 1673 transgressionis,
689 1598 719 1654 in
741 1616 800 1675 qua
818 1596 970 1656 Maecenas
992 1597 1047 1656 sibi
1068 1598 1217 1678 placuerit,
1235 1599 1313 1658 hunc

240 1704 402 1762 trimetrum
431 1701 513 1760 affert
539 1702 590 1782 [et]
621 1702 700 1764 iuter
720 1723 813 1771 caeru
834 1702 927 1764 mouit
948 1725 1029 1786 aqrca
1050 1702 1208 1785 frameas,
1237 1723 1312 1783 quae

242 1808 331 1867 verba
352 1810 382 1866 in
404 1806 482 1865 hunc
502 1806 618 1866 modum
641 1809 815 1883 coniungere
841 1827 900 1866 non
928 1807 1208 1887 dubitamus-“sacra
1236 1815 1313 1888 aqua

243 1916 319 1972 inter
342 1914 470 1972 fraxinos
491 1912 599 1985 movit’,
623 1914 664 1971 ita
683 1920 716 1972 ut
738 1932 853 1972 movere
873 1933 959 1973 sensu
980 1916 1160 1973 intransitive
1182 1916 1220 1972 sit
1240 1916 1311 1973 acci-

242 2016 416 2099 piendum1)
447 2027 476 2074 et
503 2019 677 2098 praepositio
707 2018 797 2077 ‘inter’
830 2039 889 2077 non
917 2018 1053 2079 liberiore
1080 2019 1268 2079 collocatione
1294 2039 1312 2077 a

244 2172 449 2192 --—-——-T--·-·

311 2254 350 2318 ’1)
373 2256 455 2306 Vario
477 2256 556 2304 modo
580 2256 698 2305 homines
723 2258 792 2305 docti
816 2258 878 2306 huic
902 2258 959 2306 loco
980 2272 1129 2307 succurrere
1149 2261 1311 2309 studuerunt.

243 2347 421 2411 Spaldingins,
439 2346 507 2407 quod
526 2344 712 2395 ‘intermorere'
733 2346 815 2396 latine
828 2348 880 2397 dici
892 2362 946 2396 non
956 2348 1047 2410 possit,
1065 2349 1142 2398 scribi
1154 2350 1237 2398 voluit
1248 2352 1312 2399 inter

241 2452 309 2485 saera
326 2442 408 2484 manat
426 2448 492 2496 aqua
503 2435 636 2498 fraxinos,
661 2441 739 2497 atque
763 2437 858 2485 tmesin
875 2436 1036 2486 intellexisse
1056 2438 1173 2500 videtur,
1199 2453 1266 2501 quae
1283 2440 1311 2487 in

243 2510 436 2589 praepositione
455 2520 537 2571 ‘inter'
557 2537 610 2573 non
628 2520 665 2572 ita
683 2539 741 2574 raro
756 2525 896 2574 invenitur.
928 2526 1047 2574 Halmius
1059 2527 1146 2576 locum
1158 2528 1311 2590 pronomine

243 2615 289 2664 ‘sc’
308 2613 399 2662 addito
418 2625 511 2660 sanare
529 2611 642 2661 instituit
658 2616 721 2663 inter
738 2631 763 2664 re
779 2630 848 2664 saera
869 2617 942 2664 mosa
958 2630 1022 2678 aqua
1032 2617 1159 2680 fraciam.
1193 2619 1238 2665 scd
1257 2632 1312 2665 orn·

242 2706 306 2754 nino
324 2703 351 2751 in
369 2703 494 2752 librorum
514 2702 642 2763 scriptura
661 2703 878 2765 acquiescendum
897 2712 944 2766 est,
965 2719 1023 2752 cum
1042 2704 1108 2753 illud
1126 2706 1246 2754 ‘movere’
1263 2720 1311 2768 pro
1339 2731 1343 2738 ·

242 2788 357 2842 ‘moveri'
376 2792 419 2840 vel
432 2791 469 2840 ‘se
482 2791 595 2839 movere’
607 2791 633 2838 in
649 2792 807 2841 Maecenatis
819 2807 915 2854 genere
929 2793 1067 2854 eloquendi
1082 2795 1147 2842 nihil
1159 2794 1310 2844 offensionis
1393 2860 1394 2865 1

241 2883 343 2931 habeat.
369 2881 414 2930 ille
433 2881 502 2929 enim
520 2880 620 2942 priscae
640 2880 790 2930 Latinitatis
807 2897 882 2931 usum
900 2883 951 2931 hoc
970 2884 1030 2931 loco
1048 2893 1151 2931 secutus
1171 2897 1228 2931 esse
1239 2884 1311 2932 vide·

241 2980 297 3034 tur,
322 2984 376 3032 qua
398 2976 485 3017 aetate
510 2969 592 3017 multa
610 2970 688 3018 verba
704 2984 784 3018 sensu
805 2970 971 3020 intransitivo
989 2971 1194 3036 amputantur,
1217 2973 1311 3035 quibus

241 3059 386 3123 posteriora
404 3060 507 3106 demum
525 3068 641 3118 tempora
661 3058 763 3107 obiecto
789 3060 909 3122 apposito
932 3061 1093 3109 transitivum
1116 3062 1249 3111 nunonem
1266 3062 1329 3110 tri-¹

189 3206 193 3215 Ἰ
244 3148 355 3197 buerunt
378 3144 420 3209 (ef.
447 3147 481 3194 H.
502 3146 664 3207 Muellerum,
687 3141 719 3194 d'e
744 3148 881 3210 generibus
899 3149 978 3211 verbi,
1002 3147 1225 3212 Gryphiswaldiae
1246 3152 1311 3202 1864

241 3251 268 3298 p.
282 3236 313 3287 38
327 3232 374 3297 sq.)
404 3236 509 3283 verbum
528 3245 614 3284 sutem
631 3236 751 3284 ‘movere’
768 3235 831 3283 etin
845 3237 955 3298 pn'stina
969 3244 995 3286 et
1007 3239 1034 3286 in
1045 3243 1142 3287 seriore
1155 3239 1311 3288 Latinorum

242 3338 359 3373 sermone
377 3311 540 3373 intransitive
564 3327 710 3374 adhibetur.
742 3323 893 3387 plerumque
914 3327 1016 3386 quidem
1036 3323 1157 3376 ‘movere'
1175 3343 1254 3377 sensu
1272 3330 1311 3377 in·

241 3413 378 3461 transitivo
399 3422 539 3474 usurpatur
556 3415 582 3462 in
603 3414 713 3462 formula
733 3411 810 3461 ‘terra
828 3410 930 3475 movet',
948 3417 1019 3476 quod
1037 3417 1068 3462 de
1087 3425 1169 3465 terrae
1181 3432 1311 3466 concussu

241 3501 351 3562 dicitur3
376 3501 407 3550 cf.
422 3502 477 3550 Lis.
493 3501 646 3552 xxxvto
665 3504 713 3553 sub
731 3501 810 3551 linem
826 3511 893 3552 terra
908 3506 959 3553 dies
976 3506 1212 3570 duodequadrapinta
1229 3509 1310 3568 meat,

241 3590 298 3640 Lis.
317 3591 365 3638 XL
384 3594 425 3653 59,
446 3593 469 3654 l,
488 3591 558 3640 Suet.
580 3591 670 3640 Claud.
695 3593 727 3642 22
749 3594 880 3642 observavit
896 3595 989 3655 sedula
1011 3602 1040 3642 at
1062 3597 1169 3657 quotieas
1192 3590 1258 3645 tarra
1283 3598 1310 3644 iss

240 3680 299 3727 urle
317 3681 434 3728 movisset.
467 3681 512 3727 sed
532 3681 609 3745 ctiam
628 3680 679 3728 alio
698 3696 778 3730 sensu
796 3683 846 3730 hoc
864 3683 970 3730 verbum
988 3695 1034 3744 per
1052 3696 1080 3731 se
1095 3683 1180 3730 solum
1196 3684 1310 3745 positum

240 3766 364 3829 inveniri,
391 3769 541 3830 praesertim
566 3769 592 3817 in
615 3769 701 3832 prisca
724 3770 866 3819 Latinitate
890 3784 905 3818 e
928 3769 1014 3821 Gellio
1029 3771 1101 3820 1vo
1130 3774 1310 3832 cognoscimus

241 3864 268 3905 at
294 3864 385 3906 terram
411 3859 509 3905 measse
534 3861 648 3908 uenturi
670 3860 727 3906 solet
749 3873 822 3920 eaque
842 3874 880 3907 rea
898 3869 1059 3920 prematur,
1090 3862 1124 3909 s'ta
1147 3863 1173 3909 ia
1196 3863 1310 3910 vermem

241 3948 361 3993 memoriis
388 3947 503 4004 scriptum
529 3948 636 4008 aqimus,
662 3949 801 3996 cantatam
826 3963 875 3996 erse
897 3949 992 3997 cauus
1012 3951 1040 3998 ἐκ
1057 3951 1167 3998 samario
1192 3950 1218 3994 in
1243 3953 1311 4012 repis

241 4035 323 4082 imatus
344 4035 448 4083 Martias
474 4036 577 4082 movisse.
615 4037 665 4084 elus
686 4038 724 4085 rel
748 4051 821 4085 causa
842 4045 938 4085 senaar
962 4039 1095 4087 consultum
1106 4037 1205 4099 sactum
1225 4046 1260 4086 est
1275 4066 1310 4073 —

240 4125 338 4184 eiusque
355 4126 484 4183 exemplam
501 4124 544 4170 hoc
563 4130 612 4171 est:
640 4127 706 4185 qaod
722 4126 746 4173 O.
764 4126 854 4185 Julius,
872 4126 903 4173 L.
915 4127 996 4186 filius,
1013 4126 1125 4184 pontifex
1140 4128 1264 4174 nuntiauit
1282 4130 1310 4175 in
