3034 4675
623 256 835 320 „33-

194 439 238 489 cst
267 438 419 508 usurpata,
449 447 553 507 neque.
573 428 605 486 in
634 430 674 486 eis
698 427 791 485 solum
817 424 1091 506 praepositionibus,
1120 445 1195 504 qnae
1216 424 1268 484 ad·

194 534 300 594 verbiis
322 534 429 593 similes
450 533 614 592 liberiorem
637 529 853 594 collocationem
874 531 986 589 facilius
1011 532 1173 610 patiantur,
1203 531 1268 590 talis

196 641 337 717 separatio
358 640 504 698 invenitur
526 639 574 719 (cf.
598 638 673 698 Plat.
695 636 805 696 Phaed.
827 661 855 716 p.
876 643 910 696 71
933 655 956 708 c,
980 635 1074 694 Thuc.
1089 636 1135 694 VI
1159 642 1206 707 18,
1224 635 1267 717 6),

196 742 248 804 sed
276 745 362 801 etiam
392 762 466 821 quae
493 763 561 802 vere
591 744 817 822 praepositiones
846 750 928 813 sunt,
959 741 1014 798 hoc
1042 739 1128 823 ruodo
1155 761 1174 798 a
1202 760 1270 799 casn

196 852 401 926 emunguntur,
445 851 480 908 cf.
515 849 665 907 Demosth.
696 848 776 908 XXI
814 852 870 909 139
911 846 961 906 καὶ
994 845 1069 928 πρὸς
1100 842 1143 904 ἔτι
1176 842 1269 924 ἕτερον

195 954 321 1025 τούτοις.

282 1058 410 1131 Eodem,
437 1079 495 1138 quo
521 1058 655 1138 exempla
682 1058 785 1131 allata,
815 1065 925 1136 spectat
955 1054 1091 1115 etiamid
1112 1055 1269 1134 hyperbati

196 1184 297 1242 genua,
311 1162 389 1242 quod
404 1166 461 1222 iam
476 1166 617 1243 inpriore
631 1163 815 1242 paragrapho
829 1163 933 1222 cursim
949 1164 1105 1238 attigimus,
1118 1160 1271 1220 formulam

198 1270 262 1329 dico
282 1269 372 1340 αὐτὸς
392 1268 487 1328 αὑτοῦ
507 1280 536 1328 et
556 1287 631 1348 quae
652 1276 720 1327 sunt
738 1268 851 1340 similia,
874 1277 908 1327 ut
921 1267 1027 1326 Aesch.
1043 1268 1140 1324 Prom.
1159 1272 1218 1328 760

351 1374 426 1455 πρὸς
447 1374 539 1445 αὐτὸς
560 1374 654 1433 αὑτοῦ
676 1370 863 1454 κενοφρόνων
885 1359 1109 1452 βουλευμάτων.Ι

199 1499 359 1560 pronomen
382 1482 459 1538 enim
480 1477 580 1553 αὐτός,
603 1478 681 1559 quod
702 1478 792 1538 verbo
816 1488 876 1537 erat
897 1476 1130 1554 adiungendum,
1161 1478 1192 1534 in
1213 1476 1275 1536 illis

198 1584 406 1658 locutionibus,
430 1594 463 1644 ut
483 1588 615 1664 proxime
632 1604 697 1643 cum
718 1585 889 1662 pronomine
913 1583 1050 1642 reflexivo
1073 1591 1270 1661 componatur,

198 1690 319 1751 articulo
347 1690 394 1748 vel
421 1692 628 1769 praepositioni
656 1688 826 1747 adnectitur.
870 1690 944 1748 hanc
965 1709 1033 1748 vero
1055 1687 1272 1747 collocationem

199 1817 258 1855 non
287 1795 380 1854 solum
405 1799 490 1856 metri
517 1798 688 1855 necessitate
716 1814 778 1854 esse
807 1794 951 1868 effectam,
982 1813 1046 1853 cum
1075 1792 1173 1852 multis
1201 1793 1273 1851 locis

199 1900 278 1959 salvo
300 1908 391 1958 metro
414 1903 553 1962 naturalis
575 1900 730 1961 verborum
751 1899 821 1958 ordo
847 1902 959 1960 restitui
988 1902 1093 1977 possit,
1124 1896 1175 1957 sed
1205 1907 1272 1956 ante

200 2007 296 2065 omnia
324 2005 496 2082 elegantiam
524 2004 670 2085 quandam
699 2013 860 2077 ostentare,
882 2007 969 2063 variis
991 2003 1118 2064 eiusdem
1139 2003 1272 2063 vocabuli

200 2112 298 2169 formis
309 2113 390 2169 iuxta
400 2111 510 2188 positis,
523 2113 630 2188 optime
645 2119 675 2169 et
683 2112 896 2169 accumtissime
906 2107 1113 2168 demonstravit
1127 2109 1273 2188 Hauptius

202 2215 312 2297 (opusc.
334 2219 365 2278 II
386 2237 414 2294 p.
442 2215 632 2297 raa-189),
660 2217 741 2274 cuius
770 2216 1003 2273 commentationi
1029 2222 1119 2272 totam
1141 2233 1202 2292 rem
1224 2234 1272 2273 ex-

201 2322 345 2381 haurienti
359 2320 434 2380 nihil
446 2321 507 2380 fere
524 2320 618 2380 habeo
633 2320 712 2401 quod
726 2319 832 2380 addam
841 2319 878 2402 1).
910 2320 946 2379 cf.
963 2322 1049 2379 etiam
1062 2320 1222 2397 Reisigium
1236 2320 1273 2380 ad

202 2429 290 2508 Soph.
313 2428 348 2488 0.
373 2427 405 2487 C.
428 2449 458 2504 p.
477 2432 546 2499 311,
583 2427 764 2486 Lobeclrium
785 2426 1021 2498 aetnaeos,
1058 2425 1273 2485 Weckleinium

202 2532 240 2592 ad
254 2532 393 2611 Aeschyli
414 2531 508 2590 locum
523 2532 610 2609 paulo
631 2542 698 2591 ante
712 2540 972 2591 commemoratum.
1011 2530 1061 2588 illa
1075 2551 1144 2591 vero
1159 2531 1273 2591 dicendi

202 2634 379 2697 consuetudo
411 2655 471 2695 non
503 2637 595 2695 solum
628 2639 658 2696 in
691 2640 864 2696 comicorum
893 2655 1025 2696 sermone
1053 2639 1199 2697 invenitur
1223 2638 1272 2719 (cf.

202 2744 363 2803 Timoclem
385 2741 464 2801 Com.
489 2745 534 2804 III
554 2765 583 2821 p.
608 2749 668 2806 593
699 2742 753 2814 τὰς
775 2741 867 2812 αὐτὸς
896 2741 990 2802 αὑτοῦ
1019 2742 1175 2824 συμφορὰς
1202 2739 1274 2824 ῥᾶον

95 2840 98 2845 ’
203 2847 294 2930 φέρει,
317 2848 526 2920 Philemonem,
551 2848 630 2908 Oom.
649 2847 693 2906 IV
713 2870 744 2925 p.
767 2855 804 2909 50
827 2849 898 2918 τοὺς
920 2846 1010 2918 αὐτὸς
1032 2846 1126 2907 αὐτοῦ
1145 2846 1272 2926 βούλεθ’

203 2953 344 3035 ὑγιαίνειν
360 2950 487 3035 (pilosa),
503 2951 553 3011 sed
569 2954 655 3011 eham
672 2955 703 3011 in
720 2972 806 3031 prosa
820 2957 948 3012 oratione
961 2956 1082 3030 vestigia
1103 2965 1272 3031 supersunt3

203 3062 244 3119 sic
262 3060 400 3120 Aeschini
413 3061 467 3131 111,
489 3063 548 3120 233
570 3055 769 3118 ucralr'lvucv
790 3057 844 3136 τὴν
859 3058 950 3130 αὐτὸς
971 3059 1066 3119 αὑτοῦ
1086 3056 1273 3120 denotaretur.

290 3245 311 3312 1)
324 3249 384 3297 Hoc
395 3263 476 3298 unum
489 3249 733 3298 commemoratione
745 3263 799 3297 non
811 3255 851 3296 est
867 3250 1012 3314 indignum,
1033 3252 1164 3312 quomodo
1182 3253 1275 3314 tragici

204 3344 297 3400 poetae
315 3337 365 3385 hac
383 3337 411 3385 in
428 3353 457 3388 re
474 3339 604 3387 differant.
642 3338 789 3401 Aeschylus
810 3338 977 3387 artificiosum
996 3341 1133 3388 verborum
1157 3343 1275 3392 ordinem

204 3426 355 3489 saepissime
373 3427 522 3490 usurparit,
545 3442 605 3475 nam
623 3426 772 3490 ubicunque
791 3436 901 3475 metrum
919 3427 992 3476 illam
1010 3429 1148 3492 hyperbati
1165 3432 1274 3481 formam

204 3515 368 3574 admittebat,
392 3528 450 3563 eam
474 3516 610 3578 amplexus
629 3523 675 3564 est.
711 3515 857 3577 Sophocles
875 3524 962 3565 autem
980 3518 1024 3566 hic
1043 3517 1098 3566 illic
1116 3533 1163 3582 per
1180 3521 1275 3584 hyper·

204 3604 283 3652 baton
305 3603 385 3651 verba
411 3595 495 3661 αὐτός
518 3597 604 3655 αὑτοῦ
632 3604 782 3665 collocarit,
806 3604 945 3667 Euripides
973 3621 1106 3671 nunqnam
1123 3623 1140 3656 a
1164 3611 1276 3658 naturali

204 3692 271 3740 serie
292 3691 424 3750 discessit,
450 3708 607 3756 quamquam
632 3695 778 3757 complures
804 3702 895 3743 extant
920 3694 987 3759 loci,
1010 3695 1104 3757 quibus
1122 3704 1205 3746 metro
1223 3713 1276 3747 non

204 3780 401 3844 impediebatur,
422 3781 485 3844 quin
504 3783 725 3844 praepositionem
744 3783 787 3831 vel
806 3784 944 3832 articulum
962 3785 1117 3846 pronomine
1136 3781 1220 3844 αὐτός
1237 3802 1277 3835 se·

203 3869 330 3930 iungeret
360 3871 393 3918 cf.
405 3870 587 3928 Harmsenum,
605 3872 638 3919 de
650 3871 789 3920 verborum
807 3871 980 3920 collocatione
999 3875 1069 3934 apud
1082 3874 1181 3923 Aesch.
1196 3875 1276 3936 Soph.

205 3957 294 4019 Eurip.
308 3959 394 4020 capita
412 3961 509 4008 selecta
525 3956 649 4021 (Gotting.
673 3958 749 4022 1880)
766 3975 792 4023 p.
806 3963 829 4011 8.
856 3962 945 4023 itaque
967 3976 1026 4010 cnm
1041 3962 1069 4010 in
1089 3963 1182 4010 ceteris
1200 3964 1276 4012 rebus

205 4045 388 4094 vocabulorum
407 4048 527 4097 traiectio
544 4050 614 4109 apud
631 4049 783 4109 Euripidem
801 4050 883 4097 multo
899 4049 1065 4105 artificiosior
1084 4059 1214 4114 appareat,
1227 4054 1277 4100 hac

205 4135 233 4182 in
252 4133 364 4183 formula
385 4137 504 4184 consulto
521 4151 577 4184 eam
596 4138 741 4198 neglexisse
761 4139 870 4186 videtur.

257 4223 349 4271 norat,
362 4223 454 4268 Dissert.
1109 4222 1123 4269 3
