3034 4675
672 230 886 294 „38-

245 409 297 474 est,
320 419 384 459 cum
407 396 508 477 ἕξειμί
527 422 606 471 τινος
628 420 679 478 pro
702 396 734 459 ἕκ
760 397 840 470 τινός
862 398 922 476 εἰμι
941 419 1047 477 graece
1062 399 1118 458 diei
1136 420 1196 458 non
1217 404 1319 479 possit.

244 524 340 585 neque
361 507 417 565 nisi
440 508 470 564 in
493 509 577 565 tertia
603 525 726 583 persona
748 503 778 576 ἔξ
805 524 870 564 eum
900 504 964 583 εἰμι’
989 507 1105 565 omnino
1130 514 1322 583 componatur

247 610 327 691 (vide
349 610 463 670 Lehrsii
485 619 595 689 quaest
619 630 663 690 ep.
687 633 716 689 p.
741 609 805 692 99).
851 613 959 689 pariter
978 610 1014 669 Il.
1037 610 1131 671 XVII
1151 616 1209 673 569

405 713 436 774 ἓν
458 712 491 774 δὲ
511 715 582 795 βίην
603 715 711 795 ὤμοισι
731 715 782 774 καὶ
805 713 835 774 ἐν
856 715 1009 795 γούνεσσιν
1030 712 1150 795 ἔθηκεν,

245 840 309 879 eum
326 818 356 879 ἐν
370 830 438 879 ente
457 818 609 901 γούνεσσιν
623 825 749 900 positum
764 841 829 880 cum
849 821 903 880 hoc
923 821 1101 880 substantivo
1123 822 1320 895 coniunxeris,

246 928 314 985 item
340 926 371 984 in
398 926 493 1004 priore
522 926 650 986 membro
680 921 725 1007 (ἐν
747 923 780 985 δὲ
800 925 872 1005 βίην
893 924 1015 1006 ὤμοισι)
1037 911 1096 985 non
1124 926 1243 999 tmesin,
1266 924 1319 985 sed

246 1032 453 1091 seiunctionem
473 1008 695 1109 praepositionis
716 1052 734 1090 a
755 1051 825 1090 casu
845 1032 1004 1109 intellegas.
1042 1031 1097 1090 hae
1117 1039 1214 1090 autem
1235 1050 1317 1090 voca·

247 1137 309 1196 buli
329 1134 400 1215 βίην
419 1138 637 1214 interpositione
658 1136 688 1195 id
710 1139 805 1215 ipsum
826 1139 962 1196 maiorem
984 1139 1099 1216 assequi
1119 1144 1267 1197 essentum
1289 1144 1322 1195 et

244 1243 359 1320 gravius
385 1243 416 1298 in
444 1225 528 1300 aures
557 1240 661 1300 cadero
687 1243 770 1302 facile
803 1245 920 1302 sentias.
971 1244 1027 1302 elia
1042 1242 1204 1324 &exempla
1242 1261 1320 1321 quae

245 1345 347 1406 eodem
369 1354 507 1424 spectant,
530 1355 597 1405 suut
618 1344 673 1406 Od.
697 1347 745 1406 IX
768 1354 828 1410 535
851 1346 899 1428 (cf.
922 1348 970 1406 XI
998 1347 1068 1429 115)

271 1463 273 1476 ’
546 1449 627 1533 εὕροι
648 1447 677 1510 δ’
700 1450 731 1512 ἓν
752 1451 880 1531 πήματα
902 1449 983 1534 οἴκῳ,

246 1536 303 1601 od.
326 1537 370 1595 VI
395 1542 451 1598 167
487 1573 492 1582 -
798 1607 801 1614 ,

483 1619 544 1680 ἐπεὶ
567 1621 649 1682 οὔπω
669 1622 822 1700 ἀνήλυθεν
844 1620 876 1681 ἐκ
898 1619 971 1704 δόρυ
991 1621 1086 1702 γαίης,

143 1721 150 1736 ’
245 1726 281 1787 Il.
304 1726 416 1786 XXIII
443 1732 498 1788 160

261 1899 266 1908 ¹
471 1826 555 1909 παρὰ
576 1823 604 1887 ‹l'
628 1826 656 1888 οἵ
677 1825 704 1888 τ’
728 1828 793 1910 ἀγοὶ
817 1828 895 1907 ἄμμι
916 1826 1078 1905 μενόντων,

246 1934 281 1993 ll.
305 1940 398 1998 1481
427 1953 471 2013 sq.

541 2047 546 2056 ·
894 2018 973 2100 ἀμφὶ
995 2016 1028 2078 δὲ
1051 2026 1132 2097 κῦμα

433 2122 537 2207 στείρῃ
558 2123 726 2207 πορφύρεον
747 2123 824 2205 μέγα
847 2122 912 2203 ἴσχε
935 2125 1003 2204 νηὸς
1028 2123 1137 2204 ἰούσης,

247 2229 283 2289 Il.
306 2234 337 2292 II
360 2236 419 2292 465
444 2249 488 2308 sq.

908 2315 1005 2397 αὐτὰρ
1026 2315 1085 2376 ὑπὸ
1103 2316 1195 2395 χθὼν

370 2417 552 2501 σμερδαλέον
571 2419 707 2499 κονάβιζε
730 2419 832 2480 ποδῶν
854 2422 954 2481 αὐτῶν
976 2443 1008 2481 τε
1031 2422 1082 2481 καὶ
1101 2419 1211 2486 ἵππων,

247 2528 293 2587 his
321 2525 454 2585 omnibus
482 2526 553 2585 locis
583 2527 713 2615 homines
736 2525 813 2585 docti
839 2527 1003 2585 inusitatam
1032 2530 1134 2587 seriem
1161 2531 1202 2586 ita
1228 2528 1320 2607 expli·

245 2640 327 2704 cant,
352 2640 385 2690 ut
413 2633 639 2711 praepositiones
662 2631 871 2691 ,adverbiorum
892 2632 955 2691 loco
983 2633 1092 2711 positas
1120 2651 1182 2691 esse
1210 2631 1319 2692 dicant

246 2737 281 2797 cf.
294 2733 553 2812 Naegelsbaehium
565 2739 595 2797 in
606 2735 715 2795 eduott
728 2735 766 2794 ad
776 2736 811 2795 Il.
824 2740 921 2809 1482,
938 2735 1096 2797 Ameisium
1107 2737 1146 2796 ad
1158 2735 1213 2797 od.
1225 2742 1254 2799 II
1267 2745 1317 2800 80.

245 2844 372 2920 genuina
393 2840 510 2919 quidem
538 2843 665 2901 omnium
692 2844 936 2920 praepositionum
958 2844 1000 2900 vis
1030 2841 1129 2902 eadem
1160 2853 1203 2903 est
1229 2853 1321 2922 atque

245 2946 464 3019 adverbiorum,
494 2965 570 3026 quee
597 2942 663 3005 iem*
680 2966 733 3025 per
749 2966 786 3013 ‚se
804 2950 899 3025 posita
919 2951 1065 3006 notionem
1088 2948 1214 3028 equuam
1236 2967 1318 3006 exer·

245 3061 311 3113 cent
332 3072 423 3131 eaque
437 3051 473 3109 de
494 3070 580 3110 causa
599 3051 763 3111 liberiorem
784 3053 999 3112 collocationem
1022 3055 1179 3131 patiuntur.
1212 3052 1321 3112 deindo

245 3178 348 3229 sermo,
371 3159 422 3236 qui
443 3159 474 3214 in
494 3156 668 3216 carminibus
684 3157 845 3217 Homericis
866 3161 1049 3236 conspicitur,
1064 3156 1102 3217 ed
1124 3158 1198 3217 hane
1217 3163 1318 3237 genui-

246 3284 315 3323 nam
335 3265 482 3321 notionem
502 3264 621 3340 propius
642 3262 760 3322 accedit.
805 3272 988 3322 tamencum
1012 3283 1109 3336 cesus,
1141 3267 1191 3345 qui
1212 3285 1230 3322 a
1251 3285 1316 3343 par·
1395 3301 1397 3305 ,

245 3369 333 3428 ticula
359 3368 409 3426 illa
437 3369 561 3444 regitur,
595 3369 668 3441 vim,
698 3389 786 3448 quam
815 3388 879 3427 cum
908 3372 1121 3447 praepositione
1149 3372 1319 3430 coniunctus

245 3482 368 3546 exercet,
384 3458 446 3531 sine
460 3492 495 3531 ee
509 3472 681 3552 plerumque
701 3494 759 3531 non
781 3473 888 3533 habeat
909 3483 938 3533 et
960 3495 1036 3554 quae
1058 3473 1192 3535 dicuntur
1205 3471 1316 3554 προθέ-

245 3598 323 3651 σεις,
353 3580 410 3636 iam
431 3576 509 3655 apud
533 3578 691 3637 Homerum
713 3598 827 3657 semper
847 3582 908 3639 fere
929 3600 994 3639 cum
1017 3579 1194 3639 substantivo
1215 3579 1317 3639 cohae-

244 3691 341 3754 reant,
365 3683 421 3742 illis
442 3683 529 3754 loeis,
553 3683 658 3762 quibus
685 3684 845 3743 subiectum
874 3692 924 3741 eut
953 3682 1096 3743 obiectum
1124 3694 1176 3743 aut
1196 3685 1316 3744 verbum

244 3790 321 3846 inter
341 3791 581 3867 praepositionem
610 3798 638 3847 et
663 3790 874 3850 substantivum
896 3785 1092 3862 intercedunt,
1123 3788 1161 3847 de
1183 3789 1319 3850 liberiore

243 3895 488 3973 praepositionum
503 3894 704 3953 collocatione
736 3898 862 3972 cogitare
893 3894 977 3954 nobis
1005 3895 1079 3953 licet.
1123 3892 1250 3975 denique
1280 3915 1317 3953 ex

244 3998 360 4077 hymnis
382 4000 543 4060 Homericis
564 4020 732 4078 componam
754 4001 801 4059 hic
823 4000 972 4078 exempla,
1002 4018 1078 4079 quae
1103 4000 1178 4058 forte
1198 4000 1318 4059 collecta

243 4104 347 4177 habeo,
370 4105 414 4164 IV
443 4111 511 4177 122,
531 4106 560 4164 V
586 4112 645 4166 213
671 4114 700 4163 et
726 4113 781 4166 117
804 4124 858 4183 sq.,
886 4110 943 4167 182
959 4125 1002 4184 sq.

1507 1517 1509 1602 l

1507 1611 1508 1686 l

1507 1697 1508 1742 l
