3034 4675
673 225 887 289 „20-

244 416 341 456 versas
373 394 535 454 huiusmodi
573 396 682 474 species
716 396 810 453 minus
846 394 989 455 subtiliter
1026 399 1135 455 secerni
1171 375 1316 460 videmus.

249 506 346 582 itaque
367 502 465 560 relicto
487 502 570 579 quasi
584 498 758 558 deverticulo
781 520 858 558 uunc
879 499 915 558 ad
937 520 972 558 ea
987 502 1120 580 exempla
1133 500 1316 577 accedamus„

249 607 353 687 quibus
381 606 516 666 articulus
551 604 588 664 ad
616 603 756 684 pedestris
785 607 924 664 sermonis
949 604 1067 665 modum
1094 616 1247 686 usurpatus
1279 627 1314 667 re

246 733 313 774 vera
340 711 451 771 articuli
479 712 665 790 praepositivi
693 712 751 769 vim
780 720 810 769 et
837 718 1006 791 potestatem
1036 711 1131 771 habet.
1147 784 1152 798 f
1175 712 1245 792 quid
1275 712 1312 771 de

247 820 366 878 Homeri
387 816 559 900 carminibus
581 814 765 875 statuendum
791 817 837 888 sit,
864 836 951 895 supra
972 815 1175 893 indicavimus3
1211 838 1313 877 recen·

249 929 353 985 tiorum
374 932 471 983 autem
491 920 654 980 libertatem
675 921 762 1000 paulo
785 924 943 980 accuratius
965 924 1169 982 examinemus.
1206 926 1262 981 iam
1280 926 1314 982 in

243 1032 414 1107 tragicorum
444 1046 574 1087 sermone
595 1028 778 1105 reperiuntur
800 1026 946 1106 exempla,
978 1027 1082 1106 quibus
1109 1028 1246 1087 articulus
1268 1028 1313 1086 in·
1363 1085 1365 1087 ,

154 1111 157 1118 ⁸
243 1137 369 1196 solenter
396 1153 414 1192 a
440 1134 573 1205 nomine,
603 1134 649 1191 cui
677 1129 835 1191 adhaerere
856 1131 989 1209 debebat,
1022 1133 1198 1193 distrahitur.
1242 1153 1315 1191 nam.

245 1241 348 1300 Aesch.
373 1237 428 1316 Ag.
450 1244 526 1300 827:

256 1333 259 1357 ⁵
408 1362 443 1423 cd
461 1359 517 1440 μὲν
538 1368 664 1442 γυναῖκα
686 1370 806 1444 πρῶτον
828 1366 950 1446 ἄρσενος
971 1362 1042 1441 δίχα

408 1460 504 1547 ἧσθαι
527 1465 630 1545 δόμοις
652 1464 761 1549 ἔρημον
783 1467 927 1553 ἔκπαγλον
949 1466 1051 1544 κακόν,

241 1596 291 1656 ubi
314 1594 348 1654 τὸ
369 1590 425 1671 μὲν
447 1600 565 1673 πρῶτον
587 1595 751 1680 coniungas,
780 1592 951 1668 vmbulum
973 1596 1054 1671 gravi
1075 1593 1202 1673 pondere
1223 1597 1313 1653 inter·

241 1702 328 1760 venit.
357 1702 403 1758 cui
423 1700 486 1758 loco
506 1698 599 1757 simile
621 1708 664 1758 est
684 1687 834 1767 Sophoclis
855 1695 927 1758 illud
948 1700 995 1757 Αἰ.
1020 1705 1096 1761 311:

280 1859 286 1868 ⁴
392 1824 442 1883 καὶ
465 1823 517 1884 τὸν
537 1822 593 1902 μὲν
614 1816 687 1904 ἧστο
707 1827 846 1885 πλεῖστον
866 1825 1020 1905 ἄφθογγος
1038 1823 1154 1906 χρόνον.

241 1951 342 2011 eodem
370 1954 447 2010 enirn
474 1949 577 2023 modo,
612 1970 669 2029 quo
697 1953 727 2009 in
755 1949 895 2029 Aeschyli
924 1951 1056 2031 exemplo
1089 1950 1312 2024 substantivum

144 2091 153 2094 -
240 2058 288 2115 hic
309 2056 427 2116 verbum
449 2056 561 2115 finitum
583 2059 782 2135 interpositum
805 2064 856 2114 est.
890 2049 932 2114 'ad
954 2076 1026 2135 quas
1047 2055 1176 2116 duriores
1196 2056 1310 2115 articuli

241 2163 422 2221 traiectiones
436 2181 495 2221 non
509 2161 601 2222 solum
622 2165 705 2222 metri
719 2159 905 2221 commoditas
923 2171 1022 2242 poetas
1036 2160 1175 2238 adduxit3
1199 2164 1312 2242 quippe

240 2268 325 2326 facile
346 2276 389 2327 est
408 2266 555 2341 intellectu
576 2269 723 2326 notionem
752 2268 814 2326 loco
835 2267 969 2326 insolenti
992 2288 1029 2327 ex
1050 2269 1197 2349 inopinato
1220 2270 1312 2326 inser·
1370 2336 1372 2340 Α

240 2384 298 2433 tam
318 2374 517 2432 vehementem
546 2376 661 2453 assequi
681 2383 839 2433 accentum.
873 2393 1013 2453 perquam
1028 2371 1144 2452 quidem
1164 2392 1229 2432 raro
1243 2373 1313 2432 talis

239 2479 359 2538 audacia
387 2498 405 2537 a
433 2481 525 2558 poetis
546 2479 650 2537 Atticis
679 2488 723 2537 est
741 2478 879 2552 admissa,
913 2498 1012 2538 verum
1032 2488 1157 2537 attamen
1179 2475 1236 2535 duo
1258 2476 1310 2535 illa

240 2584 374 2663 exempla
394 2592 453 2642 tam
475 2585 626 2661 insigniter
646 2587 721 2644 inter
741 2604 773 2644 se
787 2587 970 2668 conveniunt,
993 2594 1026 2642 ut
1044 2603 1098 2668 sua
1111 2601 1142 2640 se
1155 2582 1308 2641 concordia

239 2698 338 2749 mutue
359 2688 526 2748 confirmare
546 2687 706 2748 videantur.

325 2813 413 2894 Apud
445 2813 660 2874 Alexandrinos
692 2812 798 2873 deinde
830 2824 929 2894 poetas
965 2813 1100 2874 articulus
1132 2813 1154 2872 'a
1191 2816 1312 2872 nomine

240 2919 385 2980 hberrime
421 2919 579 2979 disiunctus
612 2922 726 2998 saepius
761 2923 915 2987 invenitur,
958 2940 1017 2999 qua
1046 2917 1084 2977 de
1115 2938 1147 2977 re
1177 2920 1311 2977 conferas

241 3026 278 3087 G.
303 3014 461 3091 Hermann.>
481 3024 518 3083 ad
539 3025 638 3084 Bionis
660 3034 689 3084 et
702 3025 814 3084 Moschi
837 3030 963 3085 carmina
976 3048 1003 3105 p.
1021 3032 1071 3090 94.
1094 3023 1307 3084 Wordsworth.

239 3129 277 3189 ad
298 3131 420 3190 Theocr.
443 3132 554 3202 XXIX,
585 3136 623 3191 22
656 3131 719 3211 (qui
750 3153 822 3212 quos
852 3134 1027 3212 comparavit
1051 3130 1127 3188 locos
1156 3149 1209 3188 nos
1237 3131 1311 3188 satis

240 3233 374 3293 distincte
395 3235 537 3316 protulit),
560 3235 684 3295 Heclrer.
708 3245 858 3295 comment
881 3237 918 3297 de
932 3237 1011 3295 anth.
1026 3256 1069 3313 gr.
1089 3240 1178 3307 1842,
1202 3256 1230 3314 p.
1256 3241 1304 3296 76.

239 3349 307 3399 sunt
333 3339 438 3419 quibus
460 3341 531 3400 haec
559 3341 670 3400 articuli
699 3342 850 3422 diremptio
872 3344 1082 3422 vituperatione
1102 3338 1190 3416 digna
1211 3358 1310 3419 neque

239 3445 299 3505 ullo
328 3454 411 3525 pacto
440 3446 559 3505 ferenda
589 3466 651 3506 esse
674 3446 821 3521 videatur,
855 3450 895 3507 ita
920 3456 953 3507 ut
974 3447 1059 3519 locos,
1105 3446 1210 3525 quibus
1234 3445 1307 3503 haec

240 3550 388 3611 collocatio
424 3571 486 3610 sese
515 3552 610 3624 offert,
645 3555 787 3630 corrigere
817 3563 845 3612 et
874 3562 1048 3613 commutare
1075 3551 1175 3616 velint,
1219 3552 1307 3607 etiam

239 3655 386 3714 Meinehio
416 3659 471 3714 iste
498 3675 566 3715 usus
594 3659 772 3717 stomachum
794 3662 899 3739 movit,
929 3668 1105 3739 quapropter
1123 3659 1215 3737 poetis
1237 3654 1308 3713 Ale-

240 3760 390 3820 xandrinis
418 3762 493 3819 hanc
514 3761 673 3821 hbertatem
696 3763 856 3838 abiudicat‚
886 3785 951 3824 cum
972 3762 1192 3844 posterioribus,
1224 3779 1307 3840 prae-

241 3869 337 3953 sertim
374 3867 553 3927 oraculorum
581 3867 790 3946 Sibylhnorum
821 3869 1022 3951 scriptoribus,
1057 3889 1120 3929 cam
1147 3886 1210 3926 esse
1240 3885 1306 3925 con-

238 3971 396 4031 cedendam
431 3973 594 4032 arbitretur.
639 3972 690 4031 sed
725 3984 826 4032 extant
861 3985 919 4034 tam
955 3976 1045 4035 multa
1078 3984 1107 4034 et
1138 3982 1196 4033 tam
1229 3981 1307 4031 certa

239 4078 379 4156 exempla,
410 4086 442 4135 ut
462 4077 534 4135 haec
554 4080 651 4136 omnia
672 4098 723 4156 pro
746 4083 886 4159 corruptis
908 4080 1015 4140 hahere
1035 4088 1124 4158 atque
1143 4081 1310 4138 coniectura
