3034 4675
645 294 853 359 „35-

215 466 444 540 coniungeudum
467 481 529 528 esse
544 470 654 528 monuit
670 469 822 529 Soheerius
842 471 863 529 l.
880 487 904 530 e.
921 488 952 544 p,
967 473 1051 546 4sq.,
1073 471 1178 544 insigni
1193 472 1282 545 igitur

215 578 302 645 poete
321 587 323 594 ’
345 589 410 631 eum
446 574 569 633 audacie
607 576 771 649 genetivum
807 591 825 633 a
859 571 985 634 nomine
1007 575 1121 649 longius
1155 576 1281 646 diduxit,
1326 633 1332 646 ,

216 677 293 750 quod
311 694 368 737 non
390 679 483 738 solum
509 673 672 735 Ταντάλου
688 680 765 739 inter
784 681 847 746 τοῖς
868 686 897 738 et
918 673 1075 757 Λέτρινοιν
1094 682 1279 757 interposuit,

215 782 267 841 sed
298 784 384 842 etiam
413 767 522 844 inserto
552 785 640 844 tertio
659 771 800 859 'genetiuo
828 777 922 861 πυρός
942 785 1153 845 substantivum
1174 780 1281 853 παιδός
1391 775 1392 778 '

215 889 246 945 in
268 906 295 947 v.
319 890 358 946 55
381 890 498 964 reiecit,
527 891 569 948 itu
588 887 622 948 'ut
642 891 784 948 lectorum
805 890 954 949 commodo
975 906 1077 963 purum
1099 892 1281 966 prospexisse

214 993 356 1052 videatur.
1196 981 1201 991 '

299 1100 335 1157 In
350 1099 401 1173 eis,
424 1113 498 1172 queo
520 1099 666 1174 hucusque
681 1100 845 1159 summatim
859 1100 1051 1175 exposuimus,
1074 1095 1112 1159 ud
1133 1099 1165 1158 id
1186 1101 1280 1158 solum

214 1204 341 1263 animum
363 1183 555 1276 intendimus,
586 1211 693 1277 quanto
718 1205 875 1264 intervallo
898 1206 1110 1264 substantivum
1132 1215 1162 1263 et
1184 1205 1280 1263 adies*

214 1311 306 1369 tivum
329 1310 372 1368 rei
391 1291 534 1369 metricae
556 1291 669 1370 ratione
697 1310 797 1369 habitu
818 1311 1019 1385 seiungantur;
1056 1309 1108 1369 sed
1130 1310 1168 1369 ad
1190 1310 1279 1368 liber·

213 1421 302 1474 tatem
328 1416 516 1488 antiquarum
545 1415 707 1489 linguarum
743 1417 774 1474 in
800 1416 986 1490 disponendis
1015 1415 1113 1475 verbis
1142 1420 1221 1473 reete
1250 1421 1281 1472 et

215 1526 350 1580 accurate
384 1520 607 1594 intellegendam
640 1520 671 1580 id
701 1522 826 1579 maxime
857 1522 988 1597 interest,
1028 1521 1170 1593 quomodo
1186 1538 1190 1544 ¹
1206 1520 1281 1578 haee·
1311 1567 1320 1590 ,

213 1626 370 1701 voeabula,
393 1625 488 1698 quood
510 1642 571 1684 rem
593 1627 825 1701 grammaticam,
853 1627 994 1686 distruetu
1016 1633 1046 1685 et
1068 1626 1211 1699 dissipata
1230 1641 1281 1683 res

212 1731 373 1804 perisntur.
411 1731 508 1804 itaque
531 1730 562 1789 'si
588 1732 768 1790 enuntiatum
797 1748 813 1789 e
844 1734 972 1792 membro
993 1731 1132 1805 bipertito
1154 1736 1277 1805 constet,

211 1851 268 1894 non
292 1851 359 1894 raro
380 1837 486 1909 evenit,
509 1842 542 1895 ut
565 1838 777 1897 substantivum
797 1837 914 1909 eiusque
928 1837 1099 1896 attributum
1121 1837 1197 1894 inter
1221 1836 1277 1895 duo

211 1940 264 1998 illu
295 1940 435 2013 orationis
468 1941 598 2000 membru
630 1942 857 2016 distribuuntur,
896 1948 983 2013 atque
1013 1948 1101 2015 prout
1137 1943 1279 2001 vocabule
1388 2014 1390 2022 y

210 2040 321 2104 leviore
337 2052 388 2104 eut
402 2047 537 2119 graviore
553 2047 683 2120 pondere
704 2054 771 2106 sunt
793 2047 935 2122 praedite,
958 2053 1008 2106 aut
1029 2048 1123 2107 minus
1147 2045 1276 2107 difficilis

213 2156 263 2209 uut
291 2151 462 2209 insolentior
489 2152 622 2210 traiectio
652 2158 697 2211 est
724 2151 916 2226 egnosoenda.
957 2158 990 2210 ut
1014 2167 1095 2211 more
1118 2159 1227 2224 nostrov
1240 2169 1276 2211 ex

211 2256 340 2315 Homeri
360 2256 536 2316 carminibus
565 2257 729 2331 ordiemur,
759 2257 962 2330 ambigna'res
982 2264 1043 2334 est,
1073 2275 1141 2316 num
1162 2256 1213 2316 iile
1235 2253 1277 2316 sie

212 2362 353 2421 voeabula
381 2361 566 2435 disposuerit.
603 2363 694 2423 verbs
721 2363 797 2422 enim
826 2379 899 2435 quoe
925 2363 982 2422 hue
1008 2364 1114 2424 eadere
1141 2365 1277 2424 videntur

208 2467 244 2528 ΙΙ.
267 2468 297 2526 ΙΙ
319 2468 380 2527 482
403 2482 445 2540 sq.
1121 2535 1123 2538 ,

336 2574 416 2628 τοῖον
434 2565 484 2649 ἄρ’
500 2564 655 2651 Ἀτρείδην
676 2571 755 2646 θῆκε
777 2570 855 2640 Ζεὺς
873 2569 967 2647 ’ρ’ματι
988 2570 1074 2653 κείνῳ

336 2670 476 2756 ἐκπρεπέ’
497 2672 533 2735 ἰν,
548 2676 682 2735 πολλοῖσι
704 2673 754 2735 καὶ
775 2670 874 2752 ἔξοχον
894 2671 1049 2756 ἡρώεσσιν,

208 2784 384 2858 interpretes
422 2784 484 2844 sine
527 2785 588 2842 ulle
619 2785 789 2849 traiectione
831 2783 874 2842 itu
914 2786 1069 2860 explicent,
1104 2791 1138 2843 ut
1173 2779 1279 2839 πολλοί

209 2889 229 2947 i.
260 2905 284 2948 e.
317 2889 481 2949 ‘multitudo
507 2887 704 2963 pugnantium'
738 2889 775 2947 ub
803 2881 949 2967 ἡρώεσσιν
977 2891 997 2949 i.
1028 2907 1052 2950 e.
1075 2885 1273 2963 ‘principibus'

210 2993 425 3068 distinguuntur
463 2987 514 3069 (ei.
537 2995 624 3053 etium
660 2994 815 3067 Naegelsb.
847 2995 948 3056 adnot.
983 2997 1021 3054 ad
1053 2992 1088 3054 Il.
1117 2995 1187 3055 edit.
1221 2997 1280 3056 alt<

207 3116 235 3172 p.
260 3100 320 3161 208
343 3093 411 3175 ιο).
448 3098 534 3159 nimis
554 3098 663 3173 urgebo
685 3099 860 3159 adieetivum
883 3092 982 3173 ἔξοχος
1009 3099 1087 3175 apud
1116 3100 1279 3159 Homerum

207 3203 322 3262 nonnisi
358 3203 412 3263 Od.
442 3203 515 3267 XXI
549 3205 611 3264 266
640 3222 705 3265 euru
731 3205 831 3264 dativo
865 3219 928 3263 esse
962 3205 1160 3280 eumunetum,
1195 3204 1274 3265 houd

207 3307 311 3380 exigna
339 3309 573 3384 interpretationi
599 3310 713 3370 eeeedit
741 3309 885 3368 dubitatio
910 3324 946 3367 ex
967 3311 1128 3369 sententiae
1150 3310 1272 3370 rutioue.

205 3430 273 3472 nam
300 3414 377 3486 quod
403 3414 481 3475 inter
508 3415 723 3475 multitudinem
751 3423 782 3474 et
803 3414 891 3472 dures
913 3415 1103 3491 discernitur,
1132 3415 1270 3474 obsonum

206 3524 252 3578 est
272 3525 302 3577 et
323 3519 452 3593 ineptum
473 3521 527 3579 hoe
549 3522 628 3595 loeo;
652 3537 741 3595 quere
764 3520 825 3579 veri
847 3520 969 3579 similius
991 3520 1124 3579 redditur
1138 3518 1272 3576 πολλοῖσι
1303 3570 1306 3577 ,

204 3639 269 3681 eum
305 3616 451 3701 ἡρώεσσιν
486 3642 549 3685 esse
585 3626 771 3701 iungendum.
821 3630 908 3701 utque
940 3626 996 3685 hoe
1033 3626 1148 3696 quidem
1183 3643 1271 3684 unum

205 3730 368 3802 exemplum
397 3730 584 3789 Homericum
613 3732 760 3805 suppetit,
792 3731 968 3804 posteriores
997 3731 1053 3789 hue
1082 3729 1271 3788 collocatione

205 3834 319 3908 saepius
341 3836 486 3906 sunium,
509 3836 600 3894 veluti
622 3835 710 3909 Soph.
731 3836 780 3896 Αἰ.
804 3835 865 3895 186
888 3853 931 3908 sq.

876 3932 942 3995 ἀλλ’
964 3932 1106 4017 ἀπερύκοι

357 4033 407 4093 καὶ
429 4035 506 4106 Ζεὺς
527 4034 622 4094 κακὰν
644 4035 693 4095 καὶ
722 4037 835 4115 Φοῖβος
849 4027 989 4118 Ἀργείων
1011 4036 1112 4119 φάτιν.

203 4138 259 4199 hoe
287 4139 374 4222 modo
404 4141 460 4200 duo
489 4141 605 4200 nomine
632 4138 711 4208 Ζεύς
739 4148 769 4202 et
796 4139 909 4218 Φοῖβος
930 4145 1006 4217 quod
1032 4146 1220 4218 seiunguntur
1241 4151 1272 4202 et
