3034 4675
648 252 855 316 „53-

219 426 334 485 biorum
353 444 431 484 more
451 442 468 480 a
489 442 572 494 voce,
600 424 646 480 cui
668 425 798 503 proxime
820 421 1004 499 adiungenda
1024 431 1099 495 erat,
1123 424 1289 494 secernitur,

219 542 252 591 ut
281 534 312 590 in
332 529 430 590 Ovidii
456 547 541 589 versu
563 528 624 586 her.
647 527 711 585 XII
734 533 788 597 91,
817 547 904 606 quem
932 548 997 587 cum
1019 529 1139 587 Heinsio
1161 529 1201 585 sic
1223 528 1290 586 scri-

219 635 347 696 bendum
368 653 431 693 esse
452 642 536 716 puto:
562 657 603 695 ou
620 655 700 714 pars
721 644 749 695 et
770 633 892 710 fraudis
913 633 947 695 in
968 632 1050 695 illis?
1090 640 1121 691 at
1141 632 1213 693 haec
1233 631 1289 691 dis-

213 744 327 815 ,iimetio
358 740 453 819 potius
481 736 520 797 ad
547 735 749 796 adverbiorum
772 739 969 797 traiectionem
993 746 1118 817 spectat,
1149 758 1214 798 cum
1235 739 1290 797 hoc

220 847 283 905 loco
305 844 389 904 uobis
404 842 441 900 de
461 844 662 901 coniunctione
674 841 818 919 agendum
832 844 877 901 sit.
905 851 994 922 atque
1011 844 1157 922 Hauptius
1172 843 1289 923 quidem

220 960 297 1012 reete
320 951 462 1029 exposuit,
480 946 717 1007 consuetudinem
738 948 892 1026 particulae
914 949 1090 1029 copulativae
1112 950 1160 1008 ‘et’
1181 950 1287 1030 '‘atque'

221 1080 239 1117 a
254 1058 396 1139 principio
419 1055 560 1114 enuntiati
579 1050 769 1112 submovendi
783 1053 993 1132 antiquioribus
1008 1055 1177 1114 Latinorum
1199 1057 1291 1133 poetis

223 1182 285 1223 esse
300 1165 435 1238 ignotam,
453 1158 530 1239 apud
545 1160 711 1217 Lucretium
725 1160 849 1237 primum
869 1158 941 1218 tales
962 1163 1142 1221 traiectiones
1162 1163 1292 1240 reperiri,

223 1267 413 1327 increbruisse
441 1275 537 1324 autem
568 1260 803 1323 consuetudinem
832 1263 886 1323 sub
917 1265 1004 1323 finem
1033 1266 1140 1325 saeculi
1164 1269 1290 1346 ¹septimi.

222 1392 319 1452 neque
340 1374 435 1430 minus
457 1369 585 1429 eiusdem
605 1371 660 1428 viri
682 1367 838 1428 doctissimi
859 1373 1026 1445 sententiae,
1049 1372 1127 1431 hunc
1147 1392 1230 1431 usum
1253 1391 1289 1430 ex

222 1477 487 1537 Alexandrinorum
507 1484 672 1554 poetarum,
689 1477 799 1554 quippe
820 1478 871 1553 qui
892 1480 1006 1556 saepius
1027 1478 1107 1536 illam
1128 1477 1290 1536 collocatio·
1358 1493 1362 1502 ’

223 1605 289 1643 nem
317 1581 500 1653 admiserint,
527 1582 685 1639 imitatione
714 1599 776 1637 esse
797 1579 1001 1655 derivandum,
1032 1583 1151 1641 finniter
1171 1603 1223 1641 nos
1243 1580 1293 1640 ad·

224 1691 354 1750 dicimus.
387 1687 521 1747 nolumus
535 1695 632 1744 autem
647 1687 677 1744 in
693 1704 726 1742 re
739 1694 870 1744 accurate
885 1695 1058 1767 pertractata
1073 1687 1121 1768 (cf.
1134 1689 1295 1768 Hauptium

224 1796 243 1854 l.
267 1816 290 1853 c.
314 1818 343 1875 p.
372 1799 428 1854 120
451 1791 510 1875 sq.)
541 1790 672 1869 exempla
694 1810 876 1865 coacervare,
906 1795 937 1851 in
963 1796 1064 1873 poetis,
1090 1796 1141 1872 qui
1161 1779 1295 1870 Augusta

224 1910 318 1961 aetate
339 1902 483 1969 vixerunt,
506 1880 637 1975 undique
658 1896 708 1954 illa
729 1896 822 1955 obvia.

311 2003 406 2080 Quam
440 2023 527 2082 supra
562 2004 745 2061 tractavimus
776 2003 935 2083 particulae
967 2001 1020 2061 καί
1049 2002 1204 2083 copulandi
1238 2003 1295 2061 vim

226 2112 386 2170 exercentis
400 2110 606 2181 traiectionem,
630 2109 702 2166 haee
725 2127 758 2167 eo
779 2118 822 2167 est
843 2110 972 2186 insignis,
996 2108 1075 2188 quod
1090 2111 1257 2171 ,coniunctio
1277 2129 1296 2167 a

225 2216 367 2296 principio
383 2216 523 2272 enuntiati
538 2217 569 2272 in
583 2211 707 2272 mediam
729 2218 888 2274 orationem
909 2216 1041 2289 recessit3
1065 2214 1115 2273 sed
1137 2212 1296 2273 notandum

226 2320 321 2380 adhuc
343 2329 387 2380 est
408 2318 486 2378 aliud
508 2321 611 2379 mirum
634 2319 790 2400 hyperbati
809 2340 916 2398 genua,
946 2340 1004 2398 quo
1032 2322 1107 2380 inter
1128 2321 1298 2400 particulam

227 2427 281 2487 καί
300 2436 329 2485 et
350 2425 511 2485 membrum
535 2424 608 2483 illud
630 2445 681 2504 per
706 2424 760 2485 καί
778 2426 924 2485 adnexum
946 2426 1097 2485 intercedit
1117 2425 1296 2498 vocabulum,

228 2532 306 2611 quod
327 2552 361 2590 eo
384 2551 443 2589 uon
463 2533 595 2610 pertinet.
631 2531 795 2609 exemplum
815 2532 901 2591 huius
923 2531 1116 2591 collocationis
1138 2551 1296 2611 apponam,
1322 2521 1324 2525 ¹

229 2641 259 2696 in
278 2640 483 2717 epigrammate
504 2638 605 2694 incerti
625 2638 750 2697 auctoris
772 2637 852 2695 anth.
876 2636 937 2694 Pal.
961 2637 1009 2695 IX
1030 2643 1100 2709 373,
1126 2640 1142 2697 3
1162 2655 1205 2715 sq.
1228 2637 1300 2694 baec

228 2745 334 2822 scripta
355 2743 491 2818 leguntur
1028 2728 1030 2730 ¹

362 2843 416 2921 τὴν
438 2839 592 2923 Νυμφέων
613 2841 771 2923 capedine
793 2841 916 2921 ἀηδόνα,
940 2842 1052 2921 κῆμστι
1075 2841 1177 2926 μέσσῳ

407 2948 505 3029 οὔρεσι
528 2948 577 3007 καὶ
599 2955 732 3030 σκιεραῖς
753 2948 852 3020 ’ξουθὰ
873 2950 1019 3007 talsano
1043 2947 1160 3019 νάπαις.

229 3050 454 3113 construendum
473 3063 516 3114 est
537 3053 630 3132 ἤματι
652 3052 753 3136 μέσσῳ
775 3053 824 3112 καὶ
847 3054 945 3135 οὔρεσι
968 3053 1018 3112 καὶ
1040 3061 1172 3135 σκιεραΐς
1194 3049 1301 3124 adnuis

231 3160 330 3231 ξουθὰ
344 3162 507 3235 teledam
522 3179 575 3238 per
589 3158 732 3238 duplicem
745 3159 825 3218 illam
839 3159 1008 3238 particulam
1025 3158 1079 3217 καί
1090 3158 1180 3218 dativi
1202 3160 1301 3240 οὔρεσι

232 3275 260 3322 et
275 3272 406 3345 σκιεραῖς
418 3264 532 3335 ’νάπαις
552 3273 614 3323 arte
632 3267 854 3341 coniunguntur,
877 3266 1077 3343 interpositum
1097 3275 1194 3324 autem
1208 3265 1301 3344 ἤματι

230 3366 333 3450 μέσσῳ
355 3389 371 3427 e
393 3372 537 3429 communi
558 3350 711 3428 verborum
740 3371 814 3428 serie
835 3372 952 3428 omnino
973 3369 1181 3445 seiungendum
1204 3379 1304 3430 erata

233 3477 329 3553 priore
350 3474 410 3533 καί.
455 3473 506 3533 sed
531 3495 583 3553 pro
613 3474 703 3532 altero
731 3473 785 3532 καί
810 3473 951 3551 Diltheyo
980 3472 1094 3532 videtin
1122 3473 1304 3533 scribendum

236 3598 298 3638 esse
320 3578 384 3657 κη’ν,
408 3581 448 3637 ita
469 3588 502 3636 ut
523 3580 696 3658 praepositio
718 3578 810 3637 altero
831 3576 928 3636 dativo
948 3579 1007 3639 ἀπὸ
1029 3586 1129 3639 κοινοῦ
1149 3582 1186 3638 sit
1206 3579 1306 3639 addita

235 3683 313 3765 (vide
343 3684 359 3762 ᾖ
384 3683 425 3766 7).
469 3704 533 3742 cum
563 3684 614 3742 illa
642 3683 764 3763 copulae
795 3682 849 3743 καί
877 3703 942 3741 rara
971 3691 1000 3743 et
1033 3687 1217 3763 exquisitiore
1248 3683 1305 3744 dis-

234 3792 381 3848 iunctione
402 3793 565 3867 comparari.
582 3797 675 3870 potest
697 3790 769 3847 Hor.
792 3808 877 3853 carm.
900 3787 949 3847 ΙΠ
974 3797 1021 3863 10,
1045 3796 1080 3852 13
1102 3809 1166 3868 sqq.

440 3919 457 3958 0
480 3895 617 3979 quamvis
640 3914 733 3977 neque
755 3904 782 3956 te
804 3916 932 3957 munera
953 3916 1006 3958 uec
1023 3917 1132 3978 preces

440 4003 622 4064 aec'tinctus
644 4000 725 4062 uiola
741 4000 849 4084 pallor
874 4001 1055 4075 arnoul-ium,

441 4126 494 4167 uec
515 4105 563 4166 vir
585 4104 692 4166 Pieria
712 4105 827 4187 paelice
850 4106 971 4168 saucius

443 4219 558 4271 currat
