3034 4675
16 4 209 208 'l

624 247 855 332 -2111-

203 434 236 473 τε
266 412 430 495 φόρβοντο,
459 413 494 474 o‘i
520 436 552 478 τε
581 423 681 497 φῶκαι
710 413 742 476 αἱ
772 408 822 476 ἐπ’
853 415 985 499 ἀρσένων
1010 419 1138 497 βρωτῶν
1166 416 1277 501 λέκτρα

204 520 371 600 θουρῶσαι.
416 530 503 598 atque
531 526 583 584 ille
612 528 716 586 mirum
744 533 883 600 quantum
912 526 1081 586 delectatur⁴
1103 529 1159 587 hac
1191 528 1273 588 verbi

203 614 279 687 finiti
309 630 489 691 traiectione.
537 649 606 692 nam
635 638 753 707 praeter
790 633 913 692 alterum
946 634 1109 708 exemplum
1143 651 1170 694 v.
1200 634 1274 710 497,

203 731 280 806 quod
301 733 454 797 Scheerius
475 738 506 796 iu
527 743 741 812 programmate
763 756 791 811 p.
816 740 834 798 5
858 739 973 807 attulit,
1003 738 1051 797 vel
1071 739 1196 798 maxime
1217 738 1275 797 huc

204 837 275 900 facit
294 855 330 901 ex
351 841 453 901 eodem
473 843 600 903 carmine
622 862 649 904 v.
676 843 716 903 90
738 861 801 917 sqq.

370 942 420 1001 καὶ
442 941 480 1022 δή
502 965 535 1004 σε
558 943 670 1023 ναύτην
690 942 851 1026 ἁχιροιισιά
873 943 976 1025 τρίβος

369 1039 556 1131 καταιβάτις,
578 1048 737 1132 ιιόγαγρον,
760 1050 796 1109 οὐ
816 1049 930 1131 πατρὸς
943 1047 1092 1131 πόρκους,

353 1147 565 1230 Δστιίβοιιτα
549 1162 667 1236 ρακτῶν
686 1157 905 1232 βοοοταθμῶν,
928 1152 1095 1233 ξενώοεται,

370 1257 411 1330 ὡς
429 1257 558 1342 πρόσθε,
580 1252 705 1331 κάλλους
725 1259 778 1320 τὸν
799 1259 956 1341 &coptam
977 1264 1124 1342 τριπλαῖς,

204 1381 261 1437 quo
283 1366 348 1428 loco
370 1362 527 1436 ξενώσεται
549 1370 755 1445 transpositum
779 1387 841 1430 asse
870 1376 999 1446 constat,
1028 1387 1092 1430 cum
1121 1366 1253 1431 verba‘
1232 1388 1275 1438 ως

204 1463 322 1546 πρόσθε
356 1474 394 1534 ad
422 1476 609 1550 participium
641 1470 800 1548 στείβοντα
831 1476 1005 1549 pertineant
1051 1481 1203 1549 praeterea
1234 1475 1273 1538 cf

203 1576 311 1650 Alphei
331 1579 503 1672 Mytilenaei
525 1582 615 1655 epigr.
639 1556 719 1644 ant.h
763 1582 826 1641 Pal.
850 1583 893 1642 IX
917 1583 988 1658 100,
1012 1600 1040 1643 v.
1065 1583 1083 1640 3

331 1678 423 1739 αλλ’
388 1704 423 1740 νυ
444 1702 476 1742 σι
496 1681 640 1761 δειλαίην,
659 1682 705 1761 μὰ
725 1684 819 1757 τεοὺς,
841 1681 990 1760 δέσποινα,
1011 1683 1123 1761 βοῆσαι,

491 1786 646 1866 δαίμονας.

203 1893 282 1969 apud
296 1895 490 1957 Romanorum
506 1905 609 1971 poetas
622 1900 727 1959 aetatis
742 1899 920 1959 cultissimae
934 1897 1067 1957 similis*
1058 1915 1089 1956 1u
1110 1896 1273 1956 traiciendo
1352 1911 1360 1940 ι

202 1999 292 2059 verbo
314 1998 396 2059 finito
417 2002 539 2061 libertas
561 2003 609 2062 hio
630 2005 691 2063 illic
713 2005 850 2079 occurrit,
881 2010 968 2077 atque
989 2002 1111 2063 Ovidius
1133 2018 1272 2061 summam

202 2104 258 2165 sibi
292 2107 447 2180 assumpsit
482 2108 639 2169 licentiam.
692 2110 791 2184 itaqua
823 2109 908 2183 uida,
942 2124 1038 2168 aunon
1070 2106 1272 2181 Lycophronis

202 2209 354 2270 andaciam
373 2228 466 2286 paene
488 2221 648 2300 exaequent
668 2215 699 2273 hi
721 2216 778 2274 loci
799 2221 866 2274 met
891 2213 964 2274 v·111
988 2212 1049 2272 376
1073 2230 1115 2286 sq.

329 2312 456 2377 uulnera
477 2316 623 2398 fecissent,
643 2315 705 2379 nisi
725 2315 853 2399 scalper
876 2315 955 2378 irater
976 2334 1098 2398 opacaa

328 2440 381 2481 uec
402 2420 510 2484 iaculis
532 2423 603 2485 iaaet
621 2442 674 2484 uec
695 2444 771 2507 equo
793 2422 859 2485 loca
875 2421 997 2505 pervia,
1016 2419 1117 2499 οἱλυαο,

201 2533 232 2585 et
252 2525 296 2586 XI
319 2530 381 2588 534
401 2546 464 2603 sqq.

617 2633 773 2717 trepidant
799 2632 883 2695 Ιιαιιιλ
903 2631 999 2694 cecina
1022 2650 1132 2702 omues,

329 2756 421 2818 quam
440 2737 514 2799 solet
534 2738 609 2800 urba
632 2737 700 2800 aliia
721 2760 845 2799 morum
866 2735 1049 2812 fodientibus
1071 2746 1159 2796 ectio

328 2850 418 2925 atque
437 2842 507 2905 aliia
528 2865 651 2906 murum
672 2843 829 2926 trepidare
851 2840 1017 2904 tementibus
1038 2839 1128 2901 intua.

285 2949 440 3010 Corollarii
460 2953 525 3011 loco
543 2954 632 3012 semel
652 2952 708 3026 hic,
731 2957 766 3010 ut
781 2951 866 3011 simul
887 2965 976 3023 opera
995 2949 1049 3007 illa
1068 2946 1268 3019 datungamur,

200 3059 373 3114 extrema
401 3057 640 3117 lineamenta
665 3056 894 3115 adumbrare
925 3055 1056 3113 volumus
1084 3067 1182 3110 aarum
1209 3055 1270 3108 tra·

199 3159 371 3235 tactionum,
400 3161 431 3219 iu
453 3161 557 3234 quibus
579 3161 812 3236 Optatiauus
834 3157 1055 3233 Porfyrins‚
1088 3155 1186 3228 quarti
1207 3169 1269 3213 sae-

201 3264 259 3323 culi
270 3271 365 3340 poeta,
377 3267 463 3327 nimis
477 3268 532 3327 sibi
545 3268 675 3327 indulsit.
694 3266 778 3326 huius
789 3267 865 3325 cuim
875 3264 1005 3323 carmina
1017 3260 1180 3336 legentibus
1192 3257 1269 3319 diffi-

199 3369 310 3429 cillima
322 3377 390 3431 sunt
403 3372 563 3448 intellectu,
579 3374 656 3447 quod
672 3369 783 3432 ‘sensus
795 3387 894 3430 rerum
915 3368 1014 3428 multis
1033 3367 1117 3441 nugis
1138 3366 1268 3425 obrutus'

199 3481 253 3547 est,
268 3482 299 3536 et
309 3477 356 3538 vel
371 3477 495 3537 maxime
505 3477 573 3551 quia
588 3476 718 3553 ‘propter
732 3477 884 3537 continuos
897 3476 966 3535 illos
981 3475 1145 3533 litterarum
1158 3477 1187 3530 et
1197 3468 1270 3544 figu-

199 3598 299 3642 rarum
313 3580 402 3644 lusus'
414 3584 505 3644 verba
520 3585 585 3657 ipsa
602 3583 750 3644 liberrime
765 3582 942 3657 transposita
956 3585 1024 3639 sunt
1038 3586 1067 3637 et
1078 3594 1114 3637 ea
1130 3576 1271 3635 orationis

198 3688 344 3762 membra,
374 3704 447 3762 quae
475 3690 649 3763 cogitatione
675 3689 809 3762 coniungi
831 3687 955 3761 debent,
986 3684 1051 3743 aliis
1079 3683 1197 3763 insertis
1225 3681 1270 3739 di·

201 3794 350 3855 velluntur
378 3803 409 3855 et
435 3795 513 3854 inter
535 3812 566 3854 se
588 3795 670 3867 quasi
691 3795 835 3869 permixta
856 3799 886 3852 et
906 3788 1027 3850 confusa
1049 3788 1193 3849 videntur.
1236 3790 1270 3843 ut

201 3882 313 3960 ‹iutubus¹
342 3901 499 3975 exemplis,
526 3899 629 3973 quibus
651 3901 788 3959 intricata
809 3900 862 3957 illa
883 3895 1089 3957 vocabulorum
1118 3890 1270 3952 collocatio

199 4013 356 4078 appareat,
386 4013 463 4079 utar,
484 4005 618 4065 conferas
640 4022 746 4079 quaeso
769 4004 906 4063 carminis
926 4000 1027 4060 XVIII
1050 4019 1077 4060 v.
1102 4000 1121 4059 6
1144 4015 1187 4070 sq.
1208 3990 1268 4071 (ed.

198 4112 269 4172 Luc.
292 4110 431 4191 Mueller)
