3034 4675
651 263 692 270 ..-
738 224 863 291 79..

223 399 277 458 has
298 399 438 459 orationis
460 405 570 475 partes,
592 406 625 458 ut
646 401 822 474 cogitatione
843 407 906 460 arte
925 402 1121 474 cohaerentes,
1136 404 1178 463 sic
1192 405 1298 465 ordine

142 529 145 536 ·
225 520 338 578 qunque
371 506 544 581 coniungere
569 522 642 582 opus
662 507 723 579 sit,
753 522 869 565 monere
890 506 939 567 vix
968 524 1040 582 opus
1062 514 1107 568 est
1127 526 1220 583 neque
1240 511 1299 572 hoc

225 610 381 682 quidquam
409 610 514 686 habet,
545 611 623 685 quod
651 612 798 671 sollertem
826 613 965 672 lectorem
987 614 1137 688 impediat.
1183 615 1295 690 antiqui

225 715 377 775 enimcum
388 717 418 775 in
431 718 562 776 oratione
578 716 779 776 concinnenda
791 717 917 776 maxime
932 717 1102 793 dignitatem
1115 726 1144 779 et
1159 727 1296 780 venusta·

224 828 283 881 tem
302 821 449 896 respicere
467 829 553 896 atque
576 824 672 882 omnia
693 823 731 882 ad
746 823 931 882 vocalitatem
952 829 982 882 et
1002 824 1169 898 rhythmum
1184 825 1299 887 reterre

225 930 255 984 et
274 928 413 1000 graviora
428 928 667 987 eminentioribus
686 928 758 986 locis
781 927 925 987 collocare
945 929 1004 988 sint
1017 929 1106 1006 soliti,
1129 931 1299 1005 saepissime

224 1030 355 1104 longiore
384 1038 435 1090 aut
463 1033 597 1093 breviore
624 1033 780 1093 intervallo
809 1032 993 1093 substantiva
1020 1042 1050 1094 et
1078 1037 1231 1116 adiectival
1252 1038 1298 1097 dl·
1390 1038 1393 1044 '
1493 1059 1496 1068 ⁴

226 1137 378 1198 duxerunt.
424 1139 460 1198 de
480 1140 535 1199 huc
557 1138 711 1199 verborum
733 1138 925 1198 collocatione
953 1140 984 1197 in
1006 1141 1173 1201 uuiversum
1195 1142 1324 1227 disput

226 1243 301 1302 tavit
314 1242 484 1319 Lilienthal‚
508 1245 544 1304 de
566 1260 671 1318 genere
692 1245 817 1321 quodam
838 1245 1017 1304 traiectionis
1039 1247 1117 1319 apud
1139 1248 1300 1322 scriptores
1493 1253 1504 1352 1Ι

226 1349 347 1408 Latinos
384 1344 519 1426 (Roessel
549 1344 656 1426 1859).
707 1365 759 1408 nos
789 1365 859 1409 vero
892 1367 950 1409 uon
979 1345 1037 1410 nisi
1065 1353 1181 1425 potiora
1206 1365 1300 1426 eaque
1502 1363 1505 1462 l

226 1453 291 1528 ipsa
318 1471 404 1528 quam
432 1456 591 1527 poterimus
619 1453 801 1531 paucissimis
830 1456 1067 1530 perstringamus.
1103 1474 1174 1534 ‚eum
1200 1446 1318 1544 autem]
1433 1497 1435 1500 -
1504 1473 1506 1526 l

226 1561 348 1620 multum
369 1561 494 1631 intersit,
518 1562 661 1634 quomodo
683 1560 865 1620 substantiva
886 1568 916 1622 et
937 1561 1083 1622 adiectiva
1104 1579 1158 1638 per
1180 1579 1296 1623 versum

227 1665 447 1742 distribuantur,
463 1666 587 1740 primum
603 1667 640 1726 de
654 1667 800 1728 nonnullis
816 1683 949 1727 versuum
964 1667 1036 1727 locis
1052 1684 1178 1745 agamus,
1194 1669 1300 1741 quibus

227 1787 298 1845 prae
320 1772 426 1831 ceteris
448 1772 520 1831 haec
542 1772 684 1832 vocabula
704 1772 843 1831 collocari
864 1773 986 1831 soleant.

311 1876 405 1936 Valde
434 1883 538 1951 poetae
566 1883 665 1936 amant
693 1878 906 1937 substantivum
927 1883 957 1936 et
976 1877 1151 1937 adieetivum
1179 1878 1221 1937 ita
1243 1894 1300 1953 per

226 1997 341 2042 versum
364 1981 546 2057 dlspouere‚,
562 1990 596 2041 ut
623 2000 711 2041 unum
740 1986 808 2042 ante
836 1998 1001 2055 caesuram,
1029 1984 1153 2042 alterum
1180 1983 1211 2041 in
1239 1981 1300 2042 fine

179 2145 184 2164 ,
224 2088 320 2146 locum
342 2088 457 2148 habeat.
499 2087 740 2150 cf.ll.v1368

379 2185 399 2268 ἢ
421 2188 480 2269 ἤδη
501 2186 536 2267 μ’
558 2189 616 2249 dni
633 2187 719 2271 χερσὶ
742 2186 810 2248 θεοὶ
832 2184 986 2264 δαμόωσιν
1003 2183 1142 2265 Ἀχαιῶν.

226 2299 281 2358 tali
295 2294 450 2359 verborum
471 2299 663 2359 collocatione
683 2291 853 2374 plerumque
876 2297 916 2373 id,
938 2297 1015 2371 quod
1037 2298 1089 2357 suh
1112 2296 1198 2358 finem
1219 2300 1296 2374 posi-

227 2410 287 2463 tum
307 2392 365 2481 est,‘
384 2406 522 2465 maiorem
540 2405 725 2478 consequitur
746 2410 905 2479 accentum,
925 2419 1013 2477 saepe
1028 2409 1124 2462 autem
1143 2411 1301 2479 utrumque

227 2512 398 2570 vocabulum
428 2511 604 2571 seiunctione
634 2493 784 2585 emphasin
815 2509 960 2584 quandam
987 2516 1112 2569 exercet.
1158 2526 1251 2583 neque
1280 2528 1301 2570 a

226 2616 359 2676 trimetro
388 2616 512 2676 iambico
540 2618 615 2675 tales
645 2617 820 2675 substantivi
850 2621 880 2675 et
908 2613 1046 2673 adiectivi
1079 2613 1300 2674 distributiones

226 2722 340 2782 alienae
350 2727 434 2797 sunt3
453 2723 585 2795 exemplo
600 2728 676 2792 utar,
692 2738 749 2796 quo
768 2721 920 2781 consilimu
934 2725 1038 2793 poetae
1051 2719 1131 2812 clare
1145 2726 1298 2794 appareat,

228 2826 316 2902 Soph.
339 2828 387 2887 El.
410 2827 492 2888 1033

433 2926 565 2987 ἐλθοῦσα
587 2927 680 3009 μητρὶ
702 2935 800 2986 ταῦτα
821 2921 909 2985 πάντ’
931 2921 1029 2996 ἔξειπε
1052 2928 1100 3006 σῇ.

117 3071 119 3075 -
226 3002 355 3112 omnem,
383 3053 448 3095 cum
470 3054 526 3110 qua
546 3037 667 3096 Electra
688 3037 760 3095 haec
782 3037 872 3095 verba
892 3036 1077 3110 pronuntiat,
1108 3032 1297 3093 acerbitatem

226 3143 257 3200 in
279 3143 451 3216 pronomine
468 3144 507 3221 σῇ
529 3142 646 3216 collegit
667 3147 697 3200 et
718 3141 785 3201 ideo
806 3157 863 3201 nnn
886 3141 949 3200 sine
971 3140 1094 3199 artificio
1115 3144 1201 3213 poeta
1222 3137 1298 3198 illud

226 3246 329 3306 ultimo
346 3262 446 3307 versus
459 3250 523 3307 loco
538 3247 750 3308 asubstantivo
773 3252 914 3305 remotum
932 3245 1092 3306 constituit.
1125 3260 1183 3303 non
1204 3244 1296 3303 solum

225 3351 315 3425 igitur
344 3353 430 3411 metri
458 3355 646 3414 commoditas
676 3353 730 3411 hac
752 3352 783 3411 in
805 3368 838 3410 re
865 3357 910 3410 est
929 3350 1127 3424 respicienda,
1158 3349 1206 3408 hic
1234 3349 1298 3408 illic

227 3457 314 3516 etiarn
336 3457 468 3529 quaesita
489 3459 634 3533 elegantia
655 3458 841 3531 conspicitur.
886 3454 923 3517 cl.
945 3456 1067 3515 Theccr.
1090 3455 1105 3513 Ι
1125 3455 1165 3513 64

343 3551 448 3640 ἄρχετε
468 3561 655 3635 piacentinis,
679 3560 799 3619 Μοῖσαι
823 3556 917 3639 φίλαι,
940 3547 1039 3639 ὄρχεθ
1062 3554 1176 3626 ἀοιδᾶς.

226 3668 268 3725 ibi
290 3666 414 3727 alterum
429 3653 534 3746 ἷὶρχετε
549 3670 751 3743 interpositum
773 3674 803 3728 et
824 3669 866 3727 sie
888 3662 1183 3738 hardechanutum
1202 3666 1300 3725 medio

227 3779 257 3831 et
277 3777 408 3832 extremo
431 3790 516 3833 versu
539 3774 680 3848 disposita
707 3780 791 3849 sunt,
822 3774 899 3846 quod
927 3778 1031 3846 poetae
1052 3771 1177 3831 bucolici
1198 3777 1297 3830 amant

225 3879 350 3952 primum
379 3895 479 3939 versus
508 3879 680 3938 vocabulum
709 3884 775 3952 post
804 3895 952 3939 caesuram
980 3878 1141 3937 bucolicum
1163 3881 1296 3951 repetere

138 4033 142 4041 .
224 3991 311 4058 atque
337 3985 380 4043 ita
409 3985 481 4044 duas
512 3985 672 4044 hexametri
707 3990 806 4059 partes
836 4001 889 4058 per
922 3984 1110 4057 epanalepsin
1143 3982 1298 4041 cantilenis

227 4091 415 4165 popularibus
431 4091 555 4150 maxime
569 4089 742 4150 familiarem
764 4091 840 4149 inter
863 4106 894 4149 se
915 4090 1105 4162 coniungere;
1128 4084 1167 4144 cf.
1181 4085 1294 4144 Mosch.
