3034 4675
561 260 855 324 2-100-

199 438 249 512 qui
264 437 390 512 primum
405 438 476 496 haec
499 435 588 495 verba
605 436 773 510 perlegerit,
791 431 961 494 ‘Bardaicus
974 428 1071 491 iudex'
1095 432 1269 491 coniunctim

200 542 360 618 percipiet3
397 549 494 602 tamen
529 541 704 600 adiectivum
742 531 920 598 ‘Bardaicus’
956 555 975 598 a
1010 540 1125 597 nomine
1162 534 1267 598 ‘iudex’

200 654 245 708 est
277 647 484 722 seiungendum
513 652 543 706 et
571 661 635 705 oum
665 644 847 705 substantivo
873 643 1005 703 ‘calceus'
1029 644 1268 715 consociandum

199 754 381 812 enuntiatum
410 759 522 823 auum,
557 752 633 825 quod
661 751 880 810 insolentiorem
907 750 1036 809 continet
1056 745 1292 838 cogitationem„

201 860 256 918 hoo
274 859 361 918 modo
383 837 448 930 plus
471 856 566 932 arguti
586 856 695 931 leporis
714 862 743 915 ot
765 854 960 915 cavillationis
981 856 1177 928 consequitur.

288 964 518 1035 Nonnunquam,
550 962 724 1037 praesertim
752 961 831 1035 apud
857 961 1053 1020 Romanorum
1082 968 1184 1036 poetas
1213 963 1271 1021 ele-

203 1071 317 1145 giacos,
353 1068 404 1127 ubi
433 1068 583 1141 complura
616 1066 798 1127 substantiva
827 1072 857 1125 et
888 1066 1031 1125 attributa
1063 1067 1095 1125 in
1123 1068 1272 1126 enuntiato
1369 1134 1377 1138 ἢ

200 1179 320 1249 extant,
353 1190 389 1233 ea
415 1174 458 1232 ita
487 1171 643 1232 artificiose
672 1172 813 1246 disposita
834 1171 882 1231 vel
907 1171 1055 1245 discerpta
1076 1173 1270 1247 inveniuntur,

200 1287 233 1339 ut
255 1280 350 1338 oratio
372 1295 429 1337 non
453 1278 567 1352 quidem
590 1277 725 1353 ambigua
746 1277 854 1336 existat
881 1282 931 1335 aut
960 1293 1089 1336 errorem
1111 1277 1272 1352 legentibus

192 1382 309 1468 <faciam
333 1390 431 1443 tamen
453 1380 583 1443 difficilis
605 1384 643 1443 sit
663 1382 830 1457 intellectu,
857 1398 922 1441 oum
948 1381 1089 1441 vocabula
1114 1387 1180 1441 arto
1208 1399 1272 1441 sen·

201 1490 311 1548 tentiae
332 1494 362 1547 et
381 1490 585 1562 grammaticae
599 1494 762 1549 structurae
777 1488 892 1548 vinomo
910 1487 1063 1546 coniuncta
1083 1488 1274 1548 audacissime

203 1612 256 1670 per
278 1610 378 1653 versus
401 1594 543 1668 dissipata
563 1600 593 1653 et
614 1592 677 1652 fere
698 1609 751 1667 pro
778 1592 873 1651 lubitu
892 1593 983 1680 mixta
1005 1593 1167 1653 videantur.
1215 1610 1273 1653 non
1353 1612 1356 1617 ’

202 1716 273 1759 vero
290 1699 383 1758 solum
397 1699 483 1758 metri
496 1700 669 1759 necessitate
683 1700 785 1773 coacti,
802 1704 834 1757 ut
851 1715 952 1758 versus
965 1706 1045 1759 recte
1066 1705 1145 1759 stare
1165 1706 1273 1773 posset,

203 1810 308 1881 poetae
329 1805 476 1875 hueusque
498 1810 711 1879 processerunt,
735 1804 786 1863 sed
806 1804 852 1862 his
873 1803 1038 1864 artificiosis
1060 1811 1089 1865 et
1109 1806 1192 1878 quasi
1212 1822 1272 1864 am-

202 1911 317 1970 bitiosis
339 1911 516 1969 ornamentis
537 1914 604 1969 ante
625 1909 723 1969 omnia
744 1909 867 1983 gratiam
891 1914 920 1968 et
940 1909 1147 1970 iucunditatem
1169 1927 1274 1985 parare

202 2016 370 2077 studebant.
394 2015 485 2075 veluti
506 2016 537 2074 in
559 2015 668 2075 Catulli
689 2015 753 2073 loco
777 2013 828 2085 65,
850 2014 868 2070 5
891 2031 935 2087 sq.

234 2189 237 2193 ¹
351 2138 480 2197 namque
502 2116 564 2178 mel
583 2137 682 2199 nuper
703 2112 839 2178 Lethaeo
860 2114 979 2198 qarqite
1000 2116 1109 2191 fraires

386 2221 574 2306 pallidulum
595 2243 726 2284 marrona
745 2221 832 2284 alluit
853 2222 940 2283 uodo
956 2222 1067 2303 pedem

202 2336 248 2393 est
276 2329 490 2411 quodammodo
518 2330 653 2405 ‘crispum
684 2347 788 2405 egmtm
817 2330 982 2409 orationis'3
1019 2331 1114 2391 oratio
1143 2330 1276 2406 procedit

203 2436 287 2510 quasi
307 2436 394 2495 undis
416 2435 529 2496 lenibus
550 2437 628 2496 ultro
651 2437 781 2509 citroque
802 2440 906 2506 tracta,
924 2436 1002 2495 unde
1024 2436 1123 2495 existit
1143 2437 1276 2496 modulus

204 2542 346 2615 exquisite
367 2557 545 2601 numerosus.
586 2558 620 2601 aa
642 2540 773 2614 proiecto
793 2540 838 2600 bis
861 2557 961 2600 versus
976 2541 1061 2614 legas
1083 2557 1200 2601 necesse
1221 2549 1274 2612 est,

204 2647 373 2723 priusquam
406 2646 519 2718 singula
553 2645 644 2705 verba
670 2653 752 2706 recte
785 2647 862 2704 inter
891 2646 1094 2718 seiunxeris3
1128 2654 1277 2706 structura

205 2758 301 2812 autem
329 2757 469 2826 percepta
498 2751 584 2811 facile
609 2756 639 2811 te
669 2753 819 2823 advertet,
850 2768 935 2826 quam
964 2752 1065 2811 subtili
1098 2758 1162 2811 arte
1189 2760 1277 2827 poeta

204 2865 326 2930 utroque
341 2873 429 2917 versu
443 2858 621 2932 perplexerit
642 2856 906 2916 substantivorum
926 2856 1083 2920 attributis.
1112 2858 1276 2918 adscribam

205 2963 287 3024 aliud
309 2963 487 3022 luculentum
503 2964 666 3037 exemplum
689 2962 777 3036 Prop.
800 2961 841 3020 IV
866 2961 915 3033 13,
940 2965 979 3021 55
1000 2981 1043 3037 sq.

335 3077 362 3128 te
385 3062 479 3157 scelus
502 3074 624 3146 accepto
649 3062 778 3125 Thracis
799 3063 1018 3145 Polymestoris
1039 3085 1117 3127 auro

373 3167 522 3230 matralia
545 3168 676 3252 hospitio
700 3190 770 3247 raon,
794 3168 957 3250 Polydoru,
976 3169 1041 3252 pio.

206 3274 304 3348 filum,
338 3292 394 3349 quo
422 3294 490 3336 usus
518 3294 554 3336 ex
582 3279 637 3337 hoc
667 3275 902 3351 perturbatorum
930 3278 1084 3338 verborum
1112 3279 1279 3352 labyrintho

207 3387 235 3439 te
259 3381 407 3457 expedias,
423 3380 544 3456 praebet
565 3382 773 3456 Hertzhergius
795 3389 905 3455 quaest.
923 3383 1011 3458 Prop.
1032 3401 1061 3458 p.
1087 3384 1157 3446 121.
1191 3399 1277 3444 voca·

208 3486 279 3545 bula
300 3487 377 3545 enim
391 3486 470 3546 'locis
492 3487 570 3545 iuter
591 3488 725 3561 solonge
748 3474 898 3547 disiunctis
919 3489 1015 3563 posita
1036 3490 1191 3565 cogitando
1207 3488 1279 3550 ‘sunt

206 3590 411 3662 consocianda,
438 3589 597 3652 difficultas
621 3599 716 3652 autem
736 3593 883 3651 nominum
904 3595 1089 3677 propriorum
1110 3596 1141 3654 in
1164 3612 1278 3655 versum

207 3694 403 3770 cogendorum
431 3701 546 3770 poetam
572 3699 749 3773 permovisse
772 3696 902 3773 videtur,
932 3704 965 3757 ut
985 3700 1204 3760 insolentiorem
1225 3716 1278 3760 neo

209 3816 279 3861 vero
302 3799 357 3859 sihi
378 3801 436 3875 ipsi
456 3802 598 3861 insuetam
620 3804 796 3862 adscisceret
818 3803 1017 3878 dispositionis
1038 3806 1191 3865 rationem.
1229 3805 1280 3865 sed

208 3905 280 3965 haec
301 3907 360 3965 iam
381 3907 424 3974 ad,
440 3908 637 3980 insequentem
659 3909 874 3984 paragraphum
896 3909 1060 3970 traducunt.

208 4006 211 4015 '
294 4012 399 4071 Restat
420 4012 486 4073 huic
508 4014 692 4089 paragrapho
712 4015 857 4089 appendix
879 4016 1030 4091 quaedam,
1045 4033 1102 4090 qua
1117 4015 1154 4076 de
1172 4017 1279 4091 hyper·

208 4115 278 4174 bato
308 4119 497 4191 appositionis
526 4135 620 4192 pauca
650 4120 808 4195 addamus,
846 4121 922 4194 quod
955 4121 1027 4180 haec
1055 4122 1185 4196 quaestio
1214 4138 1279 4181 cum
