3034 4675
666 217 897 280 -148—

246 390 313 441 met
336 382 352 440 I
375 387 435 444 222

494 491 740 574 superinnitens
762 491 819 573 hic,
838 492 1013 555 descrimine
1035 505 1150 576 ufens,

391 617 432 656 an
454 596 492 658 eit
513 596 662 670 mortalis,

247 712 297 771 ubi
313 711 393 791 quod
407 714 583 795 interpositis
598 715 692 775 verbis
715 714 888 775 ‘discrimine
907 714 1017 796 eperto'
1040 721 1183 777 contraria
1203 718 1319 797 longius

246 814 460 892 distrahuntur,
495 840 530 880 ee
557 822 620 900 ipsa
646 809 790 881 sotiantur
817 829 905 900 atque
932 830 993 880 tota
1021 825 1112 883 oratio
1140 823 1262 884 alacrior
1288 834 1318 884 et

245 923 452 1001 significantior
472 924 576 985 evadit
621 924 694 985 illud
713 947 781 986 vero
803 927 928 985 maxime
950 937 994 985 eet
1014 929 1135 1006 insigne,
1158 929 1317 1008 quodiam

246 1031 277 1087 in
298 1032 419 1110 antiqua
440 1032 634 1091 Romanorum
653 1033 748 1111 poesi,
777 1033 945 1111 praesertim
966 1031 1045 1113 apud
1065 1032 1215 1108 Plautum,
1245 1034 1318 1094 hseo

245 1133 363 1193 lieentia
391 1139 498 1215 passim
528 1139 682 1200 invenitur.
725 1157 784 1218 qua
811 1136 848 1196 de
875 1156 907 1196 re
935 1137 969 1196 ct.
999 1137 1094 1198 Plaut.
1123 1139 1187 1198 Mil.
1209 1139 1248 1218 gl.
1271 1141 1317 1200 IV

246 1246 275 1315 3,
301 1247 337 1303 37
362 1261 406 1320 sq.

946 1337 979 1389 ut
999 1327 1121 1412 quidem

374 1433 442 1494 disi
463 1452 525 1494 esse
546 1431 632 1494 vodis
654 1432 771 1494 dodum
792 1431 871 1494 lune
892 1431 1047 1495 mosoliam
1067 1432 1209 1505 milr‘tem5

245 1550 335 1610 verba
358 1550 448 1609 ‘vobis
470 1547 587 1608 dudum'
611 1552 757 1629 pertinent
777 1548 815 1609 ad
837 1551 957 1610 verbum
978 1551 1091 1610 finitum
1106 1549 1194 1611 ‘dixin
1228 1560 1318 1632 etque

245 1654 324 1715 haud
344 1654 454 1734 dispari
474 1673 581 1731 genere
604 1653 737 1714 distincta
758 1664 827 1714 sunt
847 1655 919 1714 haee
940 1656 1008 1717 Aul.
1031 1657 1047 1716 I
1070 1661 1098 1728 2,
1122 1661 1161 1717 23

399 1796 472 1835 uam
491 1795 553 1836 noo
576 1785 619 1836 est
640 1774 801 1836 uerisimile
823 1774 974 1838 lenonem
993 1796 1163 1859 pauperem

397 1878 571 1963 pauxillum
586 1878 683 1962 parvi
703 1877 805 1959 faeere
822 1879 894 1963 quin
916 1902 1075 1941 nummum
1090 1892 1187 1963 petat,

246 1999 296 2059 ubi
319 1995 542 2057 construendum
563 2007 606 2056 est
633 1997 803 2078 ‘pauxillum
825 2018 1007 2057 nummorum
1028 2001 1110 2079 parvi
1129 1999 1223 2059 faeere
1243 2002 1316 2080 quin

245 2103 344 2184 petat,
368 2112 398 2162 et
417 2102 480 2161 Mil.
502 2102 542 2180 gl.
565 2103 597 2161 H
620 2110 648 2175 4,
673 2110 710 2166 37

288 2244 361 2285 oum
383 2242 510 2305 sequere
529 2222 562 2284 iu
583 2222 698 2285 somnes
719 2243 767 2285 me
788 2242 871 2285 meus
893 2223 1059 2300 familiaria
1080 2224 1175 2286 mouet

288 2349 334 2390 ms
349 2351 417 2390 eum
432 2327 531 2391 alioue
547 2326 776 2407 adulescentulo,
793 2328 883 2409 quusi
895 2350 974 2391 uene
988 2340 1031 2403 to,
1047 2349 1110 2392 esse
1124 2328 1300 2405 assumtam,

246 2488 303 2549 quo
332 2467 396 2526 loeo
423 2467 517 2526 brevis
542 2466 592 2525 illo
620 2470 763 2527 sententia
793 2468 884 2547 ‘quasi
916 2486 995 2526 nuno
1023 2476 1055 2526 tu
1083 2465 1156 2547 (soil.
1183 2469 1315 2550 arguis)⁷,

246 2593 321 2655 quoe
342 2570 438 2632 verbis
461 2579 590 2649 ‘arguere
610 2573 709 2632 visust'
732 2571 916 2649 adiungenda
939 2579 1007 2642 erat,
1030 2571 1122 2631 libere
1143 2576 1318 2654 transposita

246 2689 289 2740 est
323 2680 353 2736 in
387 2679 558 2736 sententiam
591 2676 788 2737 secundariam
797 2677 833 2758 ¹).
884 2677 930 2736 his
961 2677 1032 2736 loeis
1059 2680 1229 2758 comparatis
1257 2699 1317 2739 non

245 2782 346 2844 dubito
368 2778 491 2842 eandem
511 2782 667 2863 hyperbati
688 2784 813 2863 speeiem
834 2802 899 2842 oum
917 2783 1017 2841 Brixio
1041 2783 1208 2859 intellegere
1220 2783 1316 2845 Plant.

245 2887 351 2949 Pseud.
375 2887 424 2946 ΙΙΙ
447 2895 476 2963 2,
503 2896 534 2948 11
555 2907 597 2964 sq.

419 2995 472 3057 sed
493 3015 570 3076 quer
591 2993 716 3057 sedebas
736 2994 769 3056 iu
790 2992 870 3074 fore,
894 2993 922 3056 ei
941 3013 1011 3054 erae
1033 3013 1152 3075 coques,

420 3109 452 3161 tu
475 3098 556 3161 solua
576 3108 700 3182 praeter
722 3099 814 3177 ulios„

256 3319 260 3329 ’
332 3304 354 3369 ¹)
377 3306 502 3356 Similiter
522 3304 647 3352 Horatius
669 3306 773 3352 brevem
798 3302 1003 3351 enuntiationem
1022 3304 1206 3354 secundariam
1222 3320 1239 3354 a
1256 3306 1317 3355 loeo

247 3396 295 3445 sibi
308 3396 396 3444 debito
409 3394 519 3442 removit
531 3393 628 3454 aliique
640 3392 767 3441 orationis
784 3392 899 3439 membro
910 3392 1068 3453 interposuit
1084 3406 1163 3442 eamn.
1177 3393 1216 3442 1v
1234 3393 1271 3457 12,
1284 3394 1317 3445 26

382 3485 553 3547 satyrorumque
569 3496 658 3530 memor
677 3482 734 3530 dum
751 3482 804 3528 lieet
824 3481 916 3543 ipsium

382 3572 452 3618 muse
467 3572 594 3619 stultitiam
611 3570 717 3619 aanoldis
734 3570 840 3630 breem

246 3672 307 3706 nem
325 3658 405 3706 verbs
424 3656 494 3706 ‘dum
509 3656 579 3706 lieet¹
603 3658 707 3721 proprie
729 3656 763 3704 ed
782 3656 889 3704 verbum
909 3656 1010 3706 linitum
1030 3652 1125 3704 ‘misce'
1143 3650 1274 3718 pertinent
1292 3663 1318 3706 et

246 3736 293 3809 per
309 3747 471 3811 hyperbaton
488 3747 607 3795 immixta
625 3753 686 3794 sunt
702 3745 778 3794 elteri
796 3745 919 3809 membro,
932 3747 1002 3807 quod
1014 3744 1047 3793 sb
1059 3743 1189 3793 adieetivo
1201 3745 1316 3794 ‘memor’

245 3835 375 3899 participii
390 3834 459 3883 vices
472 3835 557 3898 agenti
569 3836 674 3897 pendet.
699 3834 731 3882 ef.
745 3846 824 3881 carm.
838 3833 865 3883 11
880 3834 921 3896 11,
938 3834 977 3892 16.
994 3833 1037 3881 ubi
1052 3830 1122 3881 ‘dum
1139 3828 1209 3881 lieet’
1225 3834 1318 3883 eodem

246 3925 347 3974 ratione
358 3926 484 3974 insertum
496 3933 544 3973 est.
576 3924 643 3971 hese
662 3928 749 3971 antem
761 3922 840 3971 verba
858 3933 898 3982 eo,
915 3923 986 3984 quod
1004 3936 1038 3970 ex
1057 3921 1192 3982 inopinato
1209 3930 1319 3985 repente

247 4014 402 4077 inferuntur,
416 4028 506 4063 aurem
522 4011 607 4062 acrius
624 3995 722 4059 feriunt
739 4018 766 4058 et
782 4010 906 4058 lectorem
923 4012 957 4060 sd
974 4010 1055 4059 enimi
1072 4010 1242 4059 attentionem
1259 4025 1321 4074 pro·

245 4108 348 4150 vocant.
