3034 4675
344 1202 421 1266 agna
449 1190 481 1246 in
502 1186 596 1253 verbis
622 1186 956 1247 collocandis.libe1tate
977 1186 1105 1267 linguam
1129 1184 1269 1245 Graecam
1300 1194 1329 1243 et

336 1339 339 1342 -
366 1294 502 1352 Latinam
530 1294 573 1350 uti
602 1292 736 1353 omnibus
766 1295 797 1350 in
826 1292 928 1351 litteris
952 1293 1085 1369 'antiquis
1119 1290 1212 1350 obiter
1243 1289 1327 1349 modo

255 1401 374 1458 versatis
399 1406 443 1456 est
464 1399 730 1476 compertissimum.
776 1418 841 1457 cum
864 1399 941 1456 enim
962 1397 1080 1473 linguae
1100 1398 1272 1455 recentiores
1294 1398 1337 1454 in'

255 1502 358 1563 ordine
373 1502 527 1562 verborum
550 1504 634 1560 certis
656 1502 829 1580 quibusdam
851 1501 964 1579 legibus
986 1500 1139 1561 adstrictae
1161 1503 1227 1573 sint,
1255 1520 1327 1579 quas

256 1605 409 1683 neglegere
427 1608 519 1686 poetis
542 1606 634 1667 solum
656 1607 766 1666 licitum
789 1615 840 1679 est,
864 1597 915 1666 sed
935 1608 975 1664 eis
996 1608 1067 1684 ipsis
1081 1604 1192 1665 modice
1206 1615 1327 1677 tantum,

256 1713 287 1769 in
307 1719 434 1770 veterum
458 1714 602 1785 oratione,
633 1731 709 1790 quae
734 1732 771 1771 ex
792 1711 940 1772 vernaculi
969 1713 1108 1772 sermonis
1137 1710 1234 1770 indole
1259 1730 1327 1770 con-

255 1815 403 1893 iungenda
413 1824 481 1875 sunt
495 1824 615 1895 arteque
634 1817 798 1890 cohaerent,
822 1836 856 1875 ea
877 1817 969 1876 libere
984 1814 1120 1874 distracta
1138 1824 1167 1873 et
1180 1814 1326 1895 dissipata,

252 1940 329 2000 quae
350 1941 367 1979 a
388 1921 473 1980 nobis
488 1920 686 2000 distrahuntur
708 1929 738 1980 et
759 1923 959 1998 coiungantur,
985 1939 1019 1979 ea
1040 1921 1192 1979 coniuncta
1213 1928 1242 1978 et
1262 1939 1328 1978 con·

252 2027 361 2084 sociata
375 2027 566 2103 reperiuntur.
597 2025 769 2085 nascebatur
784 2026 886 2085 litteris
901 2026 1027 2103 antiquis
1043 2027 1114 2083 haee
1124 2023 1327 2082 vocabulorum

254 2129 345 2188 libere
359 2128 604 2209 disponendorum
623 2130 743 2190 facultas
757 2134 863 2210 partim
885 2134 1026 2191 ecanoris
1043 2130 1100 2189 illis
1116 2147 1219 2187 vocum
1233 2131 1328 2187 termi-

255 2234 430 2307 nationibus,
453 2235 559 2312 quibus
581 2233 651 2313 quid
675 2234 814 2314 quodque
834 2234 1007 2296 vocabulum
1022 2233 1058 2292 ad
1079 2252 1194 2292 sensum
1213 2233 1327 2303 valeret,

252 2343 349 2399 statim
378 2339 567 2399 indicabatur.
616 2340 672 2399 luit
693 2342 829 2400 nimirum
852 2342 923 2400 haec
944 2342 1050 2400 eximia
1071 2339 1236 2416 linguarum
1256 2342 1328 2398 anti-

255 2465 377 2523 quarum
395 2447 579 2525 praestantia,
605 2444 682 2523 quod
710 2446 860 2505 collocatio
881 2446 1036 2505 verborum
1057 2447 1175 2505 minime
1196 2463 1213 2503 e
1235 2464 1328 2521 gram·

254 2552 359 2608 metica
377 2550 469 2609 solum
492 2551 605 2608 ratione
624 2559 693 2629 apta
715 2560 791 2628 erat3
816 2554 857 2610 sic
879 2553 956 2610 enim
976 2549 1006 2608 id
1025 2550 1153 2609 maxime
1174 2551 1327 2628 scriptores
1380 2602 1382 2605 .

253 2654 395 2730 agebant,
426 2663 459 2713 ut
487 2673 603 2714 suavem
627 2655 848 2735 elegantemque
869 2675 973 2715 sonum
996 2655 1141 2713 efficerent
1161 2662 1191 2713 et
1211 2657 1328 2714 omnino

252 2761 390 2819 orationis
410 2759 532 2818 formam
555 2762 718 2838 expressius
735 2781 770 2819 ac
784 2761 993 2838 significantius
1008 2761 1199 2818 instituerent.
1231 2761 1329 2838 itaque

254 2862 318 2922 illas
344 2872 439 2942 partes
469 2866 645 2937 sententiae,
676 2884 752 2943 quae
782 2864 911 2944 pondere
937 2885 990 2924 suo
1021 2864 1233 2943 praevalerent,
1261 2867 1331 2922 satis

252 2971 415 3047 conspicuis
436 2968 513 3027 vlocis
535 2968 726 3043 collocarunt,
759 2990 793 3030 ea
815 2990 890 3049 quae
915 2972 1055 3028 minorem
1076 2970 1133 3026 vim
1156 2976 1185 3026 et
1206 2970 1329 3045 gravita-

254 3082 312 3132 tem
343 3073 499 3147 haberent‚
532 3076 615 3153 quasi
644 3083 834 3154 seposuerunt
863 3084 892 3134 et
925 3073 1118 3145 occultarunt,
1154 3081 1242 3151 atque
1276 3073 1330 3132 hoc

254 3186 339 3257 pacto
361 3197 522 3237 sermonem
545 3181 639 3257 ipsum
664 3182 752 3238 animi
775 3178 996 3256 cogitationibus
1017 3176 1226 3256 adaequarunt.
1272 3188 1329 3238 tres
1367 3162 1372 3171 ¹

254 3283 342 3357 igitur
369 3284 494 3341 rationes
524 3285 554 3342 in
582 3286 683 3363 primis
704 3284 742 3343 ad
764 3284 917 3344 verborum
940 3282 1159 3361 dispositionem
1184 3287 1331 3363 pertinent

221 3410 225 3417 ¹
255 3388 303 3467 (cf.
333 3387 364 3450 J.
392 3387 459 3446 Chr.
483 3388 573 3452 Jahn.
604 3388 701 3447 annal.
731 3390 803 3469 phil.
840 3393 917 3450 1845
949 3409 979 3466 p.
1011 3395 1048 3448 41
1076 3387 1171 3470 sqq.):
1205 3392 1329 3468 primum

253 3491 372 3570 quidem
400 3495 473 3551 ratio
502 3494 688 3570 grammatica
716 3496 777 3553 sive
799 3494 907 3570 logica,
940 3492 1046 3552 deinde
1067 3478 1155 3552 'ratio
1177 3494 1328 3564 rhetorica,

253 3616 331 3674 quae
352 3616 386 3656 eo
408 3598 595 3675 conspicitur,
623 3596 703 3676 quod
724 3618 809 3658 voces
830 3601 977 3675 graviores
999 3601 1086 3657 etiam
1107 3598 1170 3657 loco
1192 3598 1330 3675 distingu—

254 3709 351 3774 untur,
373 3711 463 3780 atque
484 3722 549 3761 cum
572 3705 685 3762 initium
708 3712 736 3762 et
756 3704 822 3763 finis
843 3706 984 3762 enuntiati
1006 3707 1160 3763 maximam
1177 3705 1234 3761 vim
1249 3723 1330 3762 exer·

248 3814 338 3864 ceant
367 3803 415 3887 (cf.
447 3806 568 3882 Quintil.
600 3809 649 3867 IX
679 3817 714 3881 4,
749 3814 798 3873 29.
830 3807 884 3890 67)
919 3817 948 3867 et
975 3812 1055 3868 notio
1082 3811 1113 3867 in
1141 3807 1210 3867 sede
1242 3828 1329 3887 qnam

255 3911 372 3968 minime
394 3916 605 3989 exspectaveris
627 3916 720 3993 posita
740 3894 901 3990 graviorem
921 3922 1091 3993 assequatur
1104 3922 1261 3986 accentum,
1286 3914 1330 3972 his

254 4016 324 4075 locis
355 4020 511 4098 praecipue
544 4017 736 4094 collocantur;
773 4020 889 4078 tertium
923 4018 1051 4098 deniqne
1091 4018 1237 4097 euphonia
1270 4021 1330 4076 sive

256 4119 392 4180 vocalitas
423 4129 451 4180 et
472 4121 642 4199 rhythmus,
674 4124 781 4202 quibus
802 4124 889 4204 plena
912 4132 940 4182 et
962 4143 1066 4183 sonora
1088 4121 1219 4180 redditur
1240 4125 1330 4181 oratio
