3034 4675
647 298 878 361 -124-

348 598 438 682 eli.
478 598 530 676 lle
557 597 766 698 hyperbato
795 598 982 676 enuntiati
1008 598 1177 678 relativi.

310 791 475 851 Pronomen
502 789 653 848 relativum
674 791 701 848 ei
721 774 876 864 vocabulo,
907 788 985 868 quod
1008 792 1165 849 accuratius
1187 788 1296 862 definit,

226 898 358 978 proxime
389 895 526 974 subsequi
556 914 573 952 e
600 902 703 953 natura
731 896 817 954 huius
850 897 1029 972 pronominis
1057 894 1156 974 liquet.
1201 905 1299 955 tamen

226 1000 306 1063 haud
335 1004 375 1060 ita
396 1021 460 1060 raro
484 1003 663 1060 enuntiatum
684 999 851 1073 relativum,
880 1000 958 1079 quod
981 1003 1056 1061 inter
1077 1001 1163 1060 aliam
1184 1011 1297 1061 senten·

226 1111 296 1168 tiam
325 1105 521 1166 secundariam
555 1106 695 1164 inclusum
721 1123 783 1164 esse
811 1115 974 1185 exspectes,
1008 1106 1126 1167 liberius
1152 1106 1297 1166 sublatum

226 1222 294 1273 ante
322 1211 402 1269 illam
428 1214 553 1293 positum
580 1219 632 1271 est.
683 1229 758 1289 quae
787 1209 903 1289 quidem
933 1211 1050 1272 libertas
1070 1214 1237 1292 praesertim
1266 1216 1297 1272 in
1377 1284 1380 1287 .
1413 1271 1415 1275 .

225 1319 421 1378 Romanorum
449 1325 599 1396 poetarum
628 1317 802 1375 scenicorum
824 1318 954 1376 oratione
982 1317 1119 1387 occurrit,
1154 1323 1187 1373 ut
1214 1315 1297 1374 facile
1391 1331 1396 1339 '

226 1421 360 1499 colligere
381 1425 481 1502 possis,
508 1421 585 1484 hunc
607 1422 697 1498 magis
725 1422 851 1482 solutum
871 1425 1077 1481 sententiarum
1105 1441 1212 1481 nexum
1233 1421 1296 1480 vul·

225 1530 287 1607 gari
302 1530 426 1590 sermoni
446 1535 514 1586 ante
529 1528 625 1586 omnia
636 1528 783 1606 proprium
800 1546 871 1589 esse.
901 1528 937 1586 cf.
953 1527 1047 1590 Plaut.
1063 1528 1146 1606 Tun.
1163 1531 1194 1589 Il
1213 1533 1237 1600 t,
1258 1534 1294 1589 te

311 1653 383 1697 auru
407 1633 460 1716 qui
481 1642 565 1695 amat
586 1632 667 1716 qreod
687 1645 770 1695 eruut
792 1654 884 1716 quom
906 1633 1054 1717 extempio
1076 1634 1140 1696 eiua

778 1739 870 1802 ouoiia
886 1740 1049 1823 perculsus
1071 1750 1124 1814 eat,

311 1843 379 1906 iiico
403 1863 451 1905 rea
473 1844 560 1918 forae
583 1840 709 1918 labitur,
733 1842 867 1926 liquitur.

228 1948 281 2008 hoo
310 1956 405 2007 autem
425 1948 490 2006 loco
512 1949 669 2027 oppositio,
705 1967 780 2027 quae
801 1947 896 2008 verbis
926 1951 986 2028 ‘qui
1010 1959 1088 2008 amat
1109 1947 1187 2028 quod
1208 1951 1293 2009 amat'

226 2056 405 2127 continetur,
434 2052 485 2112 tali
512 2052 692 2113 collocationi
721 2058 963 2133 opportunitatem
993 2053 1137 2133 quandam
1165 2054 1295 2122 attulisse

224 2158 346 2218 videtur.
384 2166 532 2239 praeterea
552 2178 697 2238 apponam
718 2158 863 2221 Manlii
887 2167 913 2234 3,
941 2165 976 2221 12

310 2283 386 2349 quae
415 2264 566 2344 contrairi,
592 2275 626 2327 ut
647 2285 693 2327 ure
714 2265 871 2344 defraudes,
901 2267 944 2327 ud
975 2286 1041 2328 eum
1070 2287 1136 2329 rem
1158 2267 1293 2344 adfectae

347 2379 351 2388 '
927 2372 1018 2448 uiam,

226 2475 305 2555 quod
321 2475 485 2555 exemplum
504 2473 677 2554 peculiarem
699 2482 857 2538 structurae
874 2479 1015 2536 rationem
1030 2477 1132 2538 habet:
1156 2479 1296 2538 omittitur

227 2579 490 2652 demonstrativum,
513 2581 594 2637 errius
607 2598 689 2637 casus
703 2578 833 2639 diversus
854 2601 954 2640 aoasu
973 2581 1086 2642 relativi
1107 2582 1292 2664 supplendus,

226 2694 256 2744 et
278 2685 362 2764 Capi.
384 2691 400 2748 I
423 2690 451 2759 2,
477 2691 515 2746 53

310 2790 385 2875 quiri
406 2786 527 2854 credie?
561 2789 695 2874 sapuere
717 2811 819 2854 amaea
841 2790 919 2854 haue
935 2792 1139 2876 prouiuoium,

309 2897 382 2980 quoi
401 2894 547 2978 obtigerat
565 2907 730 2979 postquam
751 2907 860 2979 ruptae
881 2895 1108 2981 Philopolemus
1132 2910 1208 2980 tuus,

225 3021 348 3081 quorum
369 3002 524 3061 verborum
547 3002 662 3061 Brixius
685 3002 789 3060 iniuria
810 3001 907 3062 sedern
928 3006 1120 3062 commutavit.
1165 3003 1294 3062 similiter

225 3108 382 3166 orationem
403 3108 591 3166 conformavit
612 3105 742 3166 Catullus
763 3114 812 3180 64,
838 3114 896 3170 326

557 3212 692 3287 aeduae,
716 3231 792 3295 quaa
807 3213 881 3289 ,fata
903 3223 1077 3298 sequautur,

378 3317 490 3379 currite
511 3316 648 3380 ducentae
670 3317 871 3399 eubtepuaiuu,
891 3318 1004 3380 comite
1025 3319 1095 3394 fusi.

224 3429 312 3500 atque
330 3441 350 3480 e
371 3420 471 3498 lingua
491 3420 603 3481 Graeca
626 3420 682 3479 huc
702 3423 849 3502 pertinent
871 3423 972 3502 Eurip.
994 3424 1057 3485 Ion.
1082 3430 1138 3486 731

390 3524 406 3585 ὃ
427 3525 470 3603 μὴ
490 3521 603 3605 γίνοιτο
625 3521 667 3600 δ’,
696 3523 730 3586 ei'⁴
743 3549 772 3586 τι
791 3524 929 3607 τυγχάνοι
952 3527 1054 3602 κακόν,

389 3631 430 3702 εἷς
452 3627 572 3709 ὄμματ)
595 3631 680 3691 εὔνου
702 3631 802 3713 φωτὸς
823 3630 967 3711 {uilium
988 3634 1090 3714 γλυκύ,

225 3746 254 3796 et
271 3737 392 3796 Diotimi
415 3738 591 3816 epigramma
612 3737 692 3796 anth.
714 3736 777 3795 Pal.
801 3741 859 3801 Vll
882 3745 953 3812 261,
981 3747 993 3801 l
1018 3759 1061 3819 sq.

325 3841 358 3901 τί
376 3839 464 3901 πλέον
486 3841 527 3914 εἰς
549 3841 642 3902 ὠδῖνα
664 3849 773 3918 πονεῖν,
796 3842 829 3902 τί
847 3840 881 3903 δὲ
902 3841 990 3904 τέκνα
1012 3841 1165 3919 τεκέσθαι,

366 3944 496 4026 iiiior,
519 3946 543 4008 si
565 3945 664 4026 μέλλει
687 3946 794 4019 παιδὸς
815 3947 888 4029 ὁρᾶν
908 3948 1061 4023 3άνατον;

222 4052 273 4113 ubi
299 4053 387 4112 verba
407 4051 426 4131 ἢ
448 4052 537 4128 τέκοι,
567 4062 600 4114 ut
624 4056 715 4130 magis
736 4053 898 4128 efferantur,
928 4056 1087 4113 sententiae
1109 4050 1293 4112 conditionali

222 4158 426 4238 praefiguntur.
465 4159 522 4218 alia
537 4179 654 4239 quoque
672 4161 821 4218 enuntiata
835 4162 950 4218 minora
969 4178 1178 4237 nonnunquam
1193 4156 1294 4216 eodem
