3034 4675
667 259 902 324 -108-

377 427 456 506 ἥβαν
476 427 533 509 γὰρ
554 428 607 488 οὐκ
628 420 748 512 ἤπειρον
769 430 828 489 ono
847 432 914 515 χειᾷ
935 433 1035 491 καλῶν
1055 430 1198 508 δάμασεν.

250 536 322 596 ordo
352 544 396 597 est
422 532 501 612 ἥβαν
530 532 587 615 γὰρ
615 534 668 594 οὐκ
697 527 819 616 ἄπειρον
848 538 948 595 καλῶν
980 535 1038 596 dud
1069 538 1138 622 χειᾷ
1167 534 1321 615 deponar,-

250 643 363 717 siugula
391 651 487 703 autem
517 643 625 714 verba,
655 646 732 715 quod
760 646 897 705 intercise
926 644 1129 721 proferuntur,
1160 647 1198 706 ad
1220 665 1318 707 aurem

251 746 356 809 fortius
381 749 517 808 accidunt
546 754 575 807 et
605 750 731 809 animum
761 752 792 808 in
819 755 911 810 semet
939 750 1011 824 ipsis
1041 751 1148 811 diutius
1180 751 1319 828 defigunt.

250 854 307 912 huc
336 854 422 913 etiam
451 854 579 927 pertinet
609 854 760 929 Sophoclis
789 848 886 929 locus,
915 858 965 929 qui
992 857 1124 915 omnibus
1146 855 1209 917 iere
1229 859 1321 918 inter·

251 960 383 1033 pratibus
405 956 501 1018 fucum
523 956 604 1036 fecit,
626 959 701 1021 Phil.
726 961 808 1021 1365
831 979 873 1035 sq.

729 1058 762 1120 οἳ
778 1060 832 1121 τὸν
852 1052 961 1121 ἄθλιον

436 1158 555 1224 Αἴαντ’
580 1164 680 1226 ὅπλων
701 1174 756 1227 σοῦ
777 1166 891 1249 πατρὸς
911 1165 1037 1249 ὕστερον
1057 1167 1125 1251 δίκῃ

412 1343 415 1346 ¹
442 1261 612 1342 Ὀδύσσειος
633 1268 762 1354 ἔκριναν.

252 1379 417 1439 Brunckius
443 1380 516 1439 haec
546 1380 637 1440 verba
665 1381 791 1441 delenda
818 1397 880 1440 esse
909 1383 1021 1442 censuit
1044 1399 1164 1458 eumque
1190 1386 1322 1458 plerique

251 1486 444 1544 recentiorum
475 1487 567 1546 secuti
594 1492 668 1547 sunt.
713 1480 749 1547 e‘x
779 1488 972 1563 argumentis,
1002 1505 1077 1561 quae
1106 1491 1191 1549 homo
1219 1491 1323 1550 doctus

252 1589 291 1648 ad
312 1592 492 1650 seutentiam
506 1608 588 1651 snam
609 1590 836 1652 confirmandam
858 1594 990 1667 protulit,
1017 1610 1104 1653 unum
1129 1595 1220 1671 illud,
1243 1595 1320 1668 quod

253 1710 269 1752 e
293 1712 320 1756 v.
345 1696 406 1757 412
430 1695 606 1757 Philoctetes
627 1699 702 1759 scire
723 1698 844 1758 deberet
865 1698 984 1757 Aiacem
1006 1698 1065 1756 iam
1085 1704 1153 1757 ante
1178 1700 1322 1760 Achillem

254 1800 316 1859 vita
336 1799 504 1861 defunctum
525 1818 597 1875 esse,
619 1803 656 1862 ab
678 1804 746 1864 aliis
769 1801 926 1862 refutatum
947 1810 999 1866 est.
1037 1804 1114 1877 quod
1135 1810 1231 1864 autem
1253 1806 1322 1865 Phi·

253 1906 375 1965 loctetes
396 1908 482 1980 plura
503 1908 568 1980 scit,
590 1925 675 1982 quam
697 1909 724 1968 ei
745 1925 764 1967 a
781 1910 974 1983 Neoptolemo
995 1915 1116 1969 narrata
1137 1918 1213 1980 sunt,
1237 1911 1324 1970 facile

255 2015 388 2073 excusari
416 2021 522 2088 potest.
565 2015 680 2074 omnino
710 2014 787 2073 enim
814 2014 845 2071 in
867 2014 913 2073 his
938 2013 1025 2074 rebus
1045 2014 1165 2075 levioris
1186 2017 1323 2077 momenti

256 2119 433 2179 Graecorum
455 2124 559 2192 poetae
580 2120 684 2195 tragici
706 2136 764 2179 non
786 2124 853 2178 sunt
874 2118 948 2178 adeo
971 2124 1167 2196 tenaces,-ut,
1191 2123 1215 2181 si
1237 2122 1322 2180 initio

256 2221 372 2284 fabulae
393 2224 504 2298 aliquid
525 2225 829 2297 commemoraverint,
856 2224 895 2285 id¹
916 2230 1018 2298 postea
1040 2240 1186 2297 nunquam
1206 2227 1323 2286 omnino

255 2330 474 2406 obliviscantur,
487 2348 579 2405 neque
590 2331 796 2406 ‘grammaticis
807 2310 972 2405 tragoedias
983 2330 1163 2406 scripserunt
1177 2329 1324 2391 subtiliter

254 2438 351 2496 omnia
372 2437 559 2512 rimantibus,
590 2440 643 2501 sed
664 2438 772 2497 Atticis
797 2435 1008 2511 spectatoribus
1030 2443 1183 2512 poetarum
1203 2437 1325 2497 inventa

255 2544 371 2602 liberali
399 2544 494 2602 animo
524 2543 752 2617 accipientibus’.
795 2542 918 2618 aceedit,
940 2542 1017 2615 quod
1039 2559 1090 2613 ea,
1113 2559 1186 2615 quae
1207 2543 1323 2601 Philoc-

256 2655 334 2709 tetae
354 2649 403 2719 ,hio
424 2653 490 2708 suut
512 2649 642 2724 cognita,
670 2650 713 2707 ita
742 2654 810 2710 sunt
831 2654 1013 2724 comparata,
1042 2653 1076 2707 ut
1103 2635 1324 2723 Neoptolemum

255 2756 330 2815 hanc
359 2770 421 2814 rem
449 2755 615 2814 narravisse
642 2754 680 2813 sit
702 2754 868 2814 verisimile.
917 2752 1023 2813 deinde
1044 2756 1252 2814 sententiarum
1273 2771 1324 2813 co-

255 2860 352 2936 nexui,
378 2876 443 2918 oum
464 2859 496 2918 id
518 2860 641 2919 maxime
661 2859 843 2919 Philoctetae
863 2860 995 2935 intersit,
1017 2864 1051 2918 ut
1071 2860 1216 2932 ingratum
1237 2858 1323 2918 bene·

255 2965 443 3039 ficiorumque
462 2965 658 3024 immemorem
674 2965 801 3024 animum
815 2964 987 3024 Atridarum
1002 2964 1180 3024 demonstret
1194 2970 1224 3025 et
1237 2965 1325 3039 paulo

258 3079 326 3131 ante
354 3071 478 3131 Achillis
508 3087 653 3130 armorum
682 3071 983 3130 commemorationem
1009 3068 1158 3145 iniecerit,
1194 3071 1325 3145 apprime

258 3178 394 3238 convenit
414 3176 516 3234 iudicii
538 3176 618 3236 illius
640 3176 816 3235 mentionem
837 3173 910 3275 fieri.
940 3174 1018 3247 quod
1032 3179 1128 3234 autem
1141 3174 1180 3234 ad
1202 3171 1325 3234 formam

258 3282 352 3342 ‘huius
374 3282 465 3342 assuti
486 3277 635 3356 centonis',
654 3281 792 3354 pertinet,
810 3276 892 3353 ‘qnae
907 3284 1007 3352 aperte
1021 3295 1191 3354 mangonem
1204 3279 1325 3357 prodit',

258 3404 316 3446 non
337 3386 422 3447 video
443 3403 495 3445 our
517 3386 607 3445 verba
627 3387 759 3460 intellegi
780 3400 838 3443 non
859 3384 981 3459 possint,
1004 3385 1031 3444 ui
1054 3385 1140 3444 modo
1163 3392 1325 3444 contortam

257 3493 477 3558 collocationem
498 3497 579 3551 recte
601 3490 779 3550 dissolveris.
809 3489 959 3564 genetivus
975 3483 1074 3545 ὅπλων
1089 3491 1166 3550 enim
1179 3506 1198 3549 a
1211 3490 1326 3549 nomine

258 3592 327 3676 δίκῃ
348 3596 457 3672 pendet
478 3604 508 3656 et
528 3590 663 3673 ὕστερον,
683 3595 760 3668 quod
781 3594 819 3654 ad
833 3594 1031 3668 praedicatum
1047 3584 1232 3673 (Όδῦσσεως
1246 3587 1325 3672 ἔκρι-

259 3699 326 3780 ναν)
346 3707 471 3777 spectat,
500 3702 533 3760 in
562 3702 649 3761 aliam
666 3699 820 3760 'emundati
841 3707 953 3774 partem
974 3701 1183 3775 transpositum
1204 3706 1265 3774 est,
1294 3707 1327 3760 ut

258 3809 351 3884 magis
371 3808 495 3867 eniteret
517 3814 546 3866 et
568 3806 625 3865 duo
648 3806 765 3865 nomina
786 3821 889 3864 revera
910 3805 965 3865 eibi
985 3807 1120 3880 opposita
1142 3799 1279 3883 (Ailana
1297 3812 1328 3865 et

260 3906 443 3990 Ὀδύσσεως)
474 3911 585 3972 duobus
613 3912 686 3971 locis
715 3911 839 3974 maxime
867 3913 1030 3986 conspicuis
1056 3912 1154 3971 sedem
1175 3913 1327 3973 haberent.
1402 3917 1404 3921 ’

258 4023 357 4095 itaque
379 4020 409 4079 in
430 4015 540 4076 fumum
563 4024 614 4077 aut
634 4018 658 4076 si
673 4017 743 4090 quid
765 4008 844 4076 fumo
860 4025 905 4076 est
919 4018 1012 4076 levius
1026 4017 1173 4077 evanescit
1186 4015 1327 4074 Brunckii

261 4126 387 4201 suspicio
419 4141 512 4199 neque
546 4123 647 4183 dubito
680 4139 744 4183 cum
779 4122 814 4182 G.
848 4122 1015 4182 Hermanno
1047 4123 1119 4181 haec
1152 4121 1243 4182 verba
1273 4136 1328 4195 pro
