3034 4675
656 219 894 282 -132—

239 399 336 450 tamen
358 411 425 450 cum
446 389 518 449 illud
538 388 594 467 μοί
612 388 696 448 facile
716 408 744 447 a1
756 387 874 447 librario
896 389 993 447 iterari
1020 390 1159 468 potuerit,
1183 384 1311 447 Dindor·

238 495 307 556 fium
330 504 444 556 secutus
464 493 541 555 πόθι
563 500 635 565 παῖς
656 493 784 553 scribere
802 492 915 567 malim,
938 514 1006 553 nam
1027 493 1152 573 simplex
1173 489 1250 552 ιἰόθι
1272 488 1310 550 ad

235 602 413 682 anaphoram
434 603 502 660 satis
523 619 657 677 magnam
678 602 737 659 vim
759 598 856 658 hahet.

250 679 252 690 Ι
324 708 421 766 Etiam
443 708 474 765 in
499 705 599 783 lingua
621 706 728 765 Latina
756 705 917 765 subiectum
946 704 1086 763 enuntiati
1113 703 1247 774 minoris,
1278 709 1311 760 ut

237 814 367 892 primarii
388 812 439 871 fiat
459 810 617 885 obiectum,
644 813 713 871 satis
734 810 900 886 frequenter
920 811 1132 890 transponitur,
1156 826 1247 883 eaque
1268 805 1311 866 di·

242 915 327 976 cendi
350 919 423 976 ratio
438 917 593 996 praecipue
608 916 720 994 vulgari
734 917 860 976 sermoni
874 917 1016 974 convenit.
1047 914 1082 973 cf.
1098 915 1167 974 Ter.
1183 912 1310 994 Adelph.

238 1022 267 1082 v
291 1032 320 1095 4,
345 1029 383 1085 ao
580 1093 583 1101 ,

379 1115 387 1152 ¹'
453 1179 456 1182 .
533 1123 618 1187 illum
641 1136 674 1188 ιιι
694 1124 776 1187 oioat
799 1133 906 1207 optant
926 1143 1037 1196 omues,

240 1240 335 1308 Plaut.
358 1247 438 1305 Pers.
462 1251 507 1310 ΙΙΙ
535 1255 559 1318 1,
584 1254 624 1309 54

472 1371 645 1432 necessitate
667 1390 714 1430 me
735 1367 819 1429 molo
841 1378 874 1429 ut
886 1366 969 1449 fiam
990 1363 1079 1446 focis,

239 1492 298 1553 Oto.
321 1492 359 1552 ad
382 1492 439 1570 Qu.
462 1494 496 1554 fr.
520 1497 550 1557 11
575 1499 652 1565 156,
678 1497 695 1553 2
723 1492 796 1554 laceo
823 1512 870 1553 me
898 1502 931 1552 ut
960 1492 1109 1573 confidam
1131 1490 1255 1567 famant.
1294 1507 1313 1547 e

239 1601 397 1679 priscorum
406 1598 579 1658 Latinorum
599 1598 702 1657 litteris
724 1598 873 1678 complura
895 1596 1028 1676 exempla
1049 1595 1164 1674 collegit
1177 1595 1314 1655 Holtzius

239 1713 315 1783 synt.
338 1706 423 1783 prisc.
446 1703 495 1762 lat.
517 1725 546 1785 p.
570 1708 631 1765 222
654 1724 714 1780 sqq.
725 1702 752 1785 ¹)
775 1706 806 1761 in
827 1705 1016 1783 posteriorum
1043 1710 1140 1762 autem
1161 1710 1311 1781 poetarum

239 1810 369 1868 oratione
390 1809 533 1888 perpolita
554 1809 627 1868 tales
648 1812 830 1869 traiectiones
859 1829 924 1868 raro
950 1809 1148 1888 reperiuntur3
1178 1826 1312 1866 nonnun-

239 1934 325 1991 quam
347 1912 482 1974 liberiore
503 1922 624 1974 utuntur
646 1917 866 1987 constructione,
893 1924 925 1973 ιιι
945 1910 999 1973 Ov.
1020 1916 1093 1972 trist
1116 1914 1162 1974 IV
1183 1913 1223 1976 58

463 2034 642 2102 laodamia
663 2037 739 2100 mitt
761 2061 817 2100 cur
836 2041 991 2115 referatur
1011 2038 1079 2112 erat,

141 2191 143 2194 ·
239 2159 289 2220 ubi
312 2179 419 2219 nomen
435 2162 594 2241 proprium,
609 2169 642 2219 ut
655 2161 748 2237 magis
768 2159 901 2231 eluceret,
920 2179 958 2219 ex
979 2161 1126 2219 enuntiato
1141 2158 1313 2219 secundario

145 2323 148 2328 .
239 2267 445 2345 transpositum
473 2270 566 2347 primo
596 2285 695 2325 versus
724 2264 787 2324 loco
817 2265 986 2325 collocatum
1012 2274 1064 2324 est.
1116 2263 1166 2324 sed
1188 2274 1218 2324 et
1239 2267 1312 2325 anti-

240 2374 353 2450 quiores
368 2371 443 2430 hanc
456 2374 547 2449 magis
563 2372 686 2432 solutam
703 2380 875 2430 structuram
890 2380 1074 2452 usurparunt,
1097 2379 1132 2431 ιιι
1150 2371 1311 2431 subiectum

240 2479 445 2557 transpositum
466 2476 554 2537 verbo
583 2477 663 2536 finito
691 2497 751 2536 non
773 2475 1030 2537 accommodarent.
1067 2477 1103 2537 cf.
1125 2478 1194 2537 Ter.
1217 2478 1312 2539 Andr.

239 2585 254 2642 I
278 2588 305 2657 2,
330 2591 347 2646 4
367 2603 409 2659 sq.

694 2673 696 2677 ’
741 2678 770 2731 et
792 2669 839 2730 eri
859 2688 979 2750 semper
1000 2667 1106 2730 leodos

449 2773 574 2835 verebor
594 2793 740 2856 quorsum
762 2775 910 2847 evaderet,

240 2895 290 2957 ubi
321 2906 470 2957 construas
500 2902 538 2954 ‘et
567 2872 848 2976 compesceretur,
880 2916 1015 2972 quorsum
1044 2898 1086 2955 eri
1113 2896 1217 2955 lenitas
1245 2914 1311 2955 eva·
1414 2976 1418 2983 .

240 3001 340 3062 deret'.
873 2986 876 2990 ι

323 3107 443 3166 Praeter
459 3106 617 3167 subiectum
632 3106 689 3165 alia
704 3094 822 3186 quoque
841 3109 1001 3167 sententiae
1022 3107 1208 3169 secundariae
1228 3126 1310 3166 voca·

239 3211 309 3271 bula
329 3213 360 3269 in
382 3214 547 3287 primariam
568 3213 754 3288 traiciuntur3
778 3221 867 3292 atque
888 3210 989 3272 eadem
1004 3215 1131 3273 omnium
1152 3213 1313 3272 communis

241 3325 284 3375 est
306 3336 408 3387 causa,
431 3325 464 3375 ut
485 3316 615 3393 singulae
636 3336 718 3376 voces
740 3319 771 3376 in
792 3315 904 3393 periodi
925 3319 1007 3377 initio
1029 3321 1140 3394 positae
1161 3317 1312 3394 emphasin

326 3551 347 3615 ¹)
371 3554 456 3614 Quam
480 3555 530 3603 hoc
553 3555 638 3616 capite
666 3556 781 3606 diximus
807 3557 1037 3618 transpositionem
1060 3557 1101 3605 vel
1122 3558 1312 3621 traiectionem‚

229 3640 286 3693 ¹alii
312 3644 494 3693 attractionem
517 3643 663 3707 appellant3
695 3646 875 3706 transponitur
896 3645 1015 3709 verbum,
1041 3648 1125 3709 quod,
1154 3647 1176 3695 si
1200 3645 1311 3708 logicam

240 3732 368 3781 rationem
380 3730 498 3794 respicis,
514 3733 676 3781 enuntiatum
694 3732 722 3781 in
740 3747 769 3781 sc
786 3734 902 3797 recipere
921 3750 974 3784 non
990 3735 1109 3791 debebat,
1129 3741 1156 3782 at
1172 3734 1313 3783 attrahitur

240 3820 318 3871 simul
338 3820 370 3870 ab
391 3822 491 3876 eodem,
512 3820 538 3870 in
559 3822 629 3884 quod
647 3820 785 3870 maiectum
803 3831 850 3871 est.
892 3824 981 3889 itaqua
1000 3830 1025 3872 et
1043 3823 1225 3872 attractionem
1243 3823 1313 3870 hanc

239 3909 364 3971 loquendi
383 3909 491 3958 formam
513 3923 606 3959 vocare
627 3922 772 3970 possumus.
811 3920 839 3962 at
862 3913 927 3962 haec
951 3912 1093 3976 appellatio
1117 3909 1196 3958 ctiam
1219 3910 1312 3958 ineos

240 3997 311 4047 locos
332 3999 450 4060 quadrat,
462 3999 555 4061 quibus
573 4000 629 4048 sine
645 3999 699 4048 ulla
712 4000 882 4052 distractione
900 4001 1026 4050 orationis
1044 4000 1149 4062 aliquod
1167 3997 1312 4047 membrum

239 4087 271 4136 ab
289 4086 342 4136 alio
359 4088 507 4137 attrahitur.
904 4070 907 4085 ’
