3034 4675
621 286 855 350 -rse-

206 454 364 516 membrum
381 458 539 516 sententiae
552 459 706 536 primariae
727 459 757 515 in
781 461 960 517 enuntiatum
982 458 1183 520 secundarium
1204 480 1275 518 non·

208 581 357 640 nunquam
370 560 524 620 admodum
539 562 660 621 licenter
674 562 901 640 transgreditur3
923 565 974 623 sed
989 568 1093 644 etipsa
1108 567 1180 623 haec
1193 580 1275 623 voca·

207 645 339 725 bulorbm
368 669 497 726 traiectio
529 670 559 725 in
591 671 768 727 commerciis
795 669 943 729 cottidiani
971 671 1110 730 sermonis
1135 669 1277 729 celebrata

208 790 269 830 esse
298 771 426 843 videtur,
458 794 521 833 cum
554 794 570 832 e
599 772 722 853 quadam
753 773 937 850 neglegentia
967 785 1029 834 orta
1056 778 1107 847 sit,
1141 796 1199 854 qua
1226 777 1277 853 qui

207 877 336 955 loquitur
357 880 388 936 in
404 881 466 959 ipso
483 879 597 939 demum
613 878 776 958 eloquendo
791 881 991 955 cogitationem
1007 881 1126 960 perficit.
1163 881 1278 958 linguae

208 983 295 1058 igitur
316 991 420 1042 natura
442 984 586 1059 admittit,
612 993 761 1043 auctorum
782 1005 829 1042 ars
850 988 964 1063 quaerit
985 985 1185 1066 dispositiones
1212 1006 1276 1043 ver-

206 1086 308 1145 borum
337 1109 355 1145 a
382 1099 519 1149 consueto
548 1089 661 1149 dicendi
694 1109 774 1148 more
810 1100 942 1149 remotas.
996 1112 1095 1151 verum
1132 1093 1276 1149 enimvero

206 1213 294 1271 quam
316 1197 440 1253 maxime
460 1205 503 1254 est
524 1194 692 1267 carendum,
717 1215 763 1268 ne,
790 1199 872 1274 quasi
894 1205 1056 1276 temporum
1077 1206 1106 1255 et
1127 1206 1276 1276 poetarum

208 1298 308 1357 eadem
338 1302 367 1358 in
396 1300 529 1359 omnibus
553 1304 679 1360 omnium
703 1311 778 1360 esset
799 1304 882 1373 ratio,
903 1303 1030 1375 animum
1052 1322 1154 1382 parum
1175 1299 1276 1359 adver-

208 1413 301 1464 tamus
330 1405 367 1464 ad
390 1405 589 1482 cognoscenda
611 1406 791 1478 discrimina,
821 1406 926 1485 quibus
956 1410 1050 1486 poesis
1072 1417 1102 1466 et
1122 1427 1228 1484 genera
1249 1415 1277 1464 et

208 1520 318 1569 aetates
347 1513 423 1570 inter
452 1532 483 1571 se
511 1511 628 1570 distant
672 1512 752 1570 velut
775 1532 791 1570 o
818 1515 960 1606 sonnatio
982 1513 1038 1571 sibi
1058 1514 1189 1592 opposita
1209 1520 1277 1570 sunt

207 1617 325 1675 Homeri
347 1619 429 1695 quasi
458 1620 543 1675 vivax
572 1626 602 1675 et
629 1619 726 1675 nativa
756 1620 787 1675 in
816 1617 912 1676 verbis
934 1617 1138 1677 distribuendis
1160 1617 1276 1677 libertas

205 1730 292 1800 atque
325 1721 439 1781 doctum
477 1725 698 1801 quaesitumque
732 1723 882 1782 artificium
918 1732 1066 1802 poetarum
1104 1722 1276 1781 Alexandri·

206 1848 317 1900 norum,
343 1831 460 1907 ‘quippe
481 1831 532 1907 qui
555 1830 690 1887 orationis
712 1828 866 1887 insolentia
887 1828 1029 1887 lenocinia
1043 1838 1073 1887 et
1086 1828 1195 1887 colores
1217 1848 1275 1885 car·

206 1931 331 1991 minibus
353 1931 468 1992 addere'
493 1933 664 1997 studuerint.
705 1953 802 2013 nequo
823 1936 918 1992 minus
948 1933 1040 2013 liquet
1061 1934 1099 1993 ab
1120 1934 1174 1991 hac
1194 1942 1286 2012 parte.

207 2039 281 2109 inter
309 2057 340 2096 se
362 2037 476 2098 differre
504 2050 603 2119 poetas
630 2043 752 2100 comicos
781 2042 921 2098 sermonis
942 2042 973 2097 in
994 2061 1044 2099 ore
1065 2040 1213 2098 hominum
1235 2041 1275 2095 vi·

205 2146 299 2202 ventis
333 2143 568 2204 consuetudinem
604 2155 744 2205 sectantes
777 2155 805 2204 et
836 2144 1085 2222 dithyramborum
1125 2147 1276 2224 scriptores

206 2250 309 2305 mentis
332 2248 554 2309 inflammatione
575 2250 660 2335 ultra·
672 2253 762 2310 iustos
784 2251 855 2310 fines
877 2270 963 2330 saepe
984 2260 1145 2327 evagantes.

291 2355 391 2433 Atque
417 2358 617 2434 antiquissima
644 2360 771 2416 carmina
803 2378 894 2436 usque
926 2357 963 2415 ad
996 2371 1123 2416 nostram
1152 2365 1275 2414 aetatem

206 2460 311 2519 tradita
333 2461 453 2519 Homeri
475 2470 551 2534 sunt,
574 2481 650 2540 quae
671 2484 847 2542 quamquam
868 2483 927 2521 non
954 2463 992 2522 ab
1014 2464 1072 2523 u'no
1095 2472 1180 2542 poeta
1201 2472 1299 2521 com-⁸

206 2569 313 2645 posita,
344 2576 441 2625 tamen
468 2586 528 2624 una
557 2566 617 2625 fere
645 2568 736 2627 forma
758 2578 825 2627 sunt
853 2587 996 2647 percussa.
1042 2567 1120 2647 quod
1149 2567 1185 2626 ad
1216 2571 1276 2627 eius

206 2671 359 2731 verborum
380 2671 595 2733 collocationem
617 2675 749 2751 pertinet,
774 2676 804 2731 in
827 2676 992 2732 universum
1012 2673 1128 2753 quidem
1150 2673 1275 2749 Bergkio

206 2780 386 2850 assentimur,
410 2779 461 2857 qui
484 2781 524 2837 ita
546 2777 653 2836 iudicat
681 2777 812 2859 (Griech,
841 2780 1083 2857 Literaturgesch.
1106 2780 1122 2838 I
1144 2802 1172 2859 p.
1201 2778 1275 2859 865)

208 2882 274 2940 ‘Die
296 2883 508 2960 Wortstellung
529 2887 566 2942 ist
586 2886 625 2943 im
647 2904 759 2961 ganzen
782 2885 894 2943 einfach
916 2885 978 2944 und
999 2894 1213 2962 naturgemttes3
1237 2887 1275 2942 im

207 2988 356 3047 einzelnen
371 2989 454 3048 Falle
470 2988 544 3051 wird
559 2993 600 3049 sie
615 2989 723 3065 jodoch
744 2990 825 3049 nicht
847 3010 902 3049 nur
923 2993 976 3048 mit
989 2990 1127 3063 Freiheit,
1151 2989 1276 3049 sondem

206 3093 295 3152 selbst
324 3096 376 3152 mit
403 3098 484 3154 einer
509 3096 651 3170 gewissen
674 3096 828 3155 Ktthnbeit
856 3093 1034 3158 bebandeit'.
1079 3094 1157 3174 quod
1179 3105 1212 3154 ut
1231 3114 1275 3152 ae·

206 3202 331 3259 curatius
343 3201 534 3277 intellegatur,
551 3202 683 3276 graviora
696 3211 804 3281 repeto.
827 3200 939 3260 articuli
954 3199 1068 3276 quidem
1084 3200 1275 3281 hyperbaton,

206 3304 285 3382 quod
306 3305 339 3362 fit
360 3326 412 3384 per
433 3326 531 3364 vocem
553 3306 681 3383 pondere
702 3310 878 3383 graviorem,
909 3326 1058 3384 nunquam
1080 3308 1141 3365 fere
1161 3317 1205 3365 est
1225 3304 1274 3364 ad·

207 3412 324 3487 scitum3
346 3420 378 3468 at
398 3431 434 3470 ex
457 3411 514 3470 iilis
535 3412 613 3483 locis,
634 3411 684 3470 ubi
708 3415 877 3491 pronomine
892 3410 907 3471 ὁ
923 3409 958 3471 d‘e'
969 3432 1022 3492 per
1043 3415 1275 3491 anticipationem

207 3515 358 3592 designare
377 3516 450 3574 solet
470 3537 530 3575 rem
552 3518 639 3596 paulo
661 3528 726 3596 post
747 3537 800 3596 per
818 3537 921 3576 nomen
944 3521 1037 3597 ipsum
1054 3516 1185 3575 disertius
1204 3514 1276 3573 indi·

207 3619 336 3692 eandam,
360 3620 549 3681 dimanavisse
569 3622 684 3681 videtur
712 3625 903 3682 recentiorum
929 3646 997 3684 usus
1018 3623 1169 3682 articulum
1188 3620 1276 3680 auda·

206 3727 318 3784 cissime
346 3745 364 3784 a
392 3726 569 3786 substantivo
599 3726 778 3804 seiungendi.
822 3733 1048 3808 praepositiones
1073 3727 1178 3787 deinde
1199 3725 1275 3785 baud

207 3834 246 3889 ita
267 3851 332 3890 raro
354 3831 485 3892 licentius
507 3854 525 3891 a
546 3833 659 3892 casibus
688 3835 747 3891 suis
769 3833 982 3910 distrahuntur;
1012 3837 1043 3892 in
1071 3832 1273 3892 adverbiorum

206 3940 374 3996 traiectione
402 3947 487 4016 poeta
515 3946 544 3997 et
575 3940 665 4017 ipsam
699 3941 835 3997 orationis
868 3942 1099 4019 perspicuitatem
1131 3939 1274 4015 neglexit3

205 4042 409 4119 figuram‘dnd
431 4051 530 4102 κοινοῦ
559 4045 587 4101 in
611 4042 766 4102 levioribus
795 4045 941 4103 vocabulis
969 4045 1098 4117 admisit,
1125 4048 1153 4103 in
1182 4042 1274 4101 distri·

207 4147 328 4206 buendis
356 4150 540 4209 substantiatis
569 4158 598 4207 et
630 4148 774 4206 attributis
802 4150 849 4207 hic
876 4151 935 4208 illic
964 4151 1145 4209 artificiosam
1174 4151 1274 4208 seriem
