3034 4675
601 247 786 364 2127
833 338 871 348 —

216 467 304 541 nulli,
335 466 440 548 quibus
469 471 543 527 inter
571 469 782 529 substantivum
812 473 931 549 eiusque
958 491 1116 549 pronomen
1136 473 1287 533 relativum

215 573 338 632 alterurn
368 593 475 633 nomen
498 576 706 654 interponitur,
736 576 776 633 ita
804 585 837 633 ut
865 578 1022 637 enuntiatio
1044 577 1164 637 relativa
1184 578 1222 637 ad
1243 599 1286 639 re·

217 682 322 739 motius
348 678 520 739 vocabulum
546 688 661 757 spectet.
707 698 766 757 qua
788 678 825 739 de
846 701 877 740 re
898 682 933 738 cl.
956 682 1042 744 Hom.
1064 684 1100 748 Il.
1122 684 1201 743 XIII
1224 690 1283 748 623
1338 752 1340 755 ,

324 802 415 881 ἄλλης
436 798 491 879 μὲν
513 798 613 880 λώβης
635 822 665 859 τε
689 800 738 860 καὶ
762 798 880 879 αἴσχεος
902 804 955 861 orla
976 801 1127 878 ἐπιδευεῖς,

255 893 258 900 ’
321 904 358 985 ἢν
380 904 431 985 ἐμὲ
453 905 648 985 λωβήσασθε,

215 1009 271 1071 Od.
295 1016 325 1074 ΙΙ
349 1018 408 1074 284
431 1032 475 1091 sq.

320 1132 390 1193 οὐδέ
427 1157 456 1194 τι
498 1132 596 1194 ionem
631 1131 769 1193 θάνατον
806 1132 856 1192 καὶ
892 1141 971 1216 κῆρα
1005 1131 1157 1211 μέλαιναν,

244 1261 249 1270 ·
320 1238 352 1310 ὃς
367 1239 404 1318 δή
422 1262 475 1321 σφι
490 1236 597 1318 σχεδόν
613 1237 702 1314 ἐστιν,
719 1234 765 1297 ἐπ’
782 1238 875 1317 ἤματι
890 1236 1156 1315 rectoraticum,

215 1359 251 1422 Il.
275 1362 304 1428 V
329 1367 404 1436 1723
427 1362 529 1441 Eurip.
553 1361 669 1420 Heracl.
694 1368 753 1423 957

370 1480 440 1544 ἀλλ’
464 1475 546 1564 εὗρες
567 1482 679 1562 ἄνδρας
700 1482 750 1542 καὶ
774 1479 901 1561 πόλισμ’
926 1482 1092 1563 ἐλεύθερον,

370 1588 399 1649 o‘r'
420 1581 450 1649 u’
476 1589 529 1648 οὐκ
552 1586 658 1649 ἴσασιν.
751 1603 756 1614 “

214 1694 334 1754 consule
359 1695 543 1771 Kruegeium
564 1694 596 1753 H
619 1699 667 1766 58,
693 1699 721 1776 3,
747 1700 775 1756 3.
810 1714 907 1774 neque
927 1698 1050 1773 prosaici
1075 1697 1227 1775 scriptores
1248 1693 1285 1753 ab

216 1798 271 1858 hac
294 1799 435 1868 ‚solutiore
462 1798 649 1858 collocatione
676 1819 708 1857 se
735 1800 953 1874 abstinuerunt,
990 1801 1025 1858 cf.
1058 1783 1241 1876 Kruegerum
1271 1801 1287 1858 Ι

220 1910 268 1977 58,
301 1911 328 1977 3,
361 1911 396 1978 9,
441 1904 499 1965 Cic.
530 1923 595 1984 epp.
629 1904 666 1962 ad
693 1906 760 1964 fam.
790 1906 820 1965 V
850 1911 900 1977 21,
932 1912 949 1969 5
993 1918 1026 1968 tu
1055 1906 1153 1968 sirim
1176 1903 1286 1988 diliyu,

215 1989 319 2087 fraere
339 2010 397 2073 t'ato
420 2010 481 2073 otio
511 2008 621 2092 tibique
644 2012 798 2093 perrunde
821 2020 945 2093 praeter
974 2011 1094 2094 calliam
1125 2020 1153 2073 et
1173 2029 1286 2093 preco-

215 2126 298 2193 tum,
327 2134 387 2198 qua
406 2115 526 2198 seraper
547 2114 674 2177 curuietc'
702 2124 729 2177 et
751 2101 884 2195 carebia,
910 2115 1026 2179 domini
1053 2116 1188 2178 occidere
1211 2114 1287 2187 nihil

213 2241 324 2304 posse,
353 2221 436 2303 quod
460 2219 499 2281 eit
519 2218 665 2282 horribile
687 2230 715 2281 et
741 2217 1031 2303 pertimescendum:
1066 2219 1197 2279 omnibus
1219 2218 1285 2293 illis,

216 2346 291 2406 quos
311 2324 397 2384 modo
418 2325 709 2398 commemoravimus,
731 2324 802 2385 locis
822 2328 945 2403 gravior,
968 2335 1000 2385 ut
1022 2327 1062 2385 ite
1083 2324 1184 2399 dicam,
1208 2328 1287 2385 notio

215 2442 246 2491 et
267 2451 343 2511 quae
363 2432 516 2489 maximam
539 2432 597 2488 vim
619 2432 774 2504 contineat,
796 2434 919 2511 primum
943 2432 1037 2490 locum
1052 2439 1181 2511 occupat,
1203 2433 1289 2510 eique

216 2540 382 2618 pronomen
396 2534 548 2595 relativum
568 2535 744 2614 applicatur,
768 2556 942 2616 quamquam
964 2536 1121 2597 concedere
1139 2535 1285 2608 debemus,

215 2646 354 2703 insertum
376 2660 493 2720 quoque
514 2640 636 2700 alterum
658 2642 868 2702 substantivum
886 2645 1028 2702 sententie
1049 2643 1169 2701 relativa
1189 2641 1287 2721 aliquo

215 2747 302 2809 modo
331 2744 544 2827 comprehendi
589 2745 667 2826 quod
696 2746 814 2826 quidem
842 2747 918 2806 clare
938 2758 1058 2827 apparet
1087 2750 1117 2806 in
1138 2746 1286 2825 Euripidis

215 2854 271 2929 frg.
297 2859 355 2913 529
378 2851 492 2910 Nauck.
515 2872 541 2913 v.
567 2860 584 2913 4
608 2872 650 2931 sq.

412 2972 444 3033 ἐκ
458 2971 516 3054 γὰρ
530 2972 644 3054 πατρὸς
658 2972 708 3031 καὶ
721 2973 836 3054 μητρὸς
851 2972 932 3044 ὅστις
947 2972 1064 3033 {anerei

412 3078 543 3159 σκληρὰς
578 3077 696 3149 διαίτας
731 3076 759 3138 oi
794 3079 873 3159 yorol
902 3078 1059 3157 βελτίονες,

214 3225 275 3264 non
296 3224 368 3284 opus
390 3213 433 3262 est
454 3206 617 3264 coniectura
638 3203 752 3284 πατρὸς
774 3205 823 3263 καὶ
844 3205 958 3286 μητρὸς
980 3200 1216 3281 incommota,-
1248 3202 1286 3261 ad

203 3323 327 3390 ,patrem
344 3311 429 3382 enim,
455 3320 489 3369 ut
509 3309 548 3369 ad
569 3318 678 3390 partem
700 3313 870 3387 graviorem,
893 3330 1052 3391 pronomen
1072 3309 1221 3369 relativum
1244 3316 1287 3368 est

214 3413 469 3475 accommodatum.
500 3415 605 3474 similes
627 3417 689 3474 fere
709 3416 782 3472 ratio
805 3414 861 3473 illis
886 3416 955 3475 locis
977 3417 1157 3496 conspicitur,
1180 3414 1286 3493 quibus

214 3522 397 3602 participium
419 3519 532 3581 duobus
554 3520 739 3580 substantivis
760 3540 912 3579 commune
933 3522 1022 3600 priori
1044 3529 1087 3580 est
1108 3518 1284 3600 adaptatum.

215 3627 253 3684 cf.
276 3625 368 3703 Iubae
397 3628 487 3704 epigr.
510 3625 634 3706 append.
661 3626 741 3684 anth.
765 3624 828 3688 Pal.
852 3633 901 3699 41,
927 3632 944 3686 5
967 3645 1022 3705 sq,
1045 3629 1135 3706 epigr.
1160 3632 1231 3700 870,
1256 3634 1283 3699 7,

137 3742 141 3751 ’
215 3730 332 3806 Kaibel,
356 3731 472 3791 Heliod.
495 3731 622 3811 Aethiop
641 3734 665 3794 ,Ι
688 3736 726 3791 22
749 3741 779 3790 et
799 3730 960 3790 Iacobsium
982 3731 1019 3790 ad
1041 3733 1120 3791 anth.
1140 3731 1202 3790 Pal.
1227 3731 1283 3791 vol.

130 3909 134 3913 ¹
215 3827 272 3897 lv·
279 3858 308 3916 p.
334 3843 405 3901 ese.

300 3942 348 4003 Ab
379 3944 425 4002 hle
447 3951 543 4001 autem
565 3942 735 4014 levioribus,
765 3941 910 4021 aquibus
931 3963 970 4003 ne
990 3963 1076 4024 prosa
1096 3941 1213 4022 quidem
1235 3942 1284 4002 ab·

215 4045 329 4119 horret,
367 4047 498 4125 longiore
529 4047 586 4106 fine
623 4045 730 4105 dietam
766 4067 800 4105 ea
835 4051 967 4124 graviora
992 4047 1141 4128 exemplu,
1177 4047 1284 4126 quibus

214 4152 375 4215 membrum
395 4155 593 4233 interpositum
616 4154 732 4211 omnino
751 4173 810 4211 non
828 4156 954 4232 pertinet
974 4152 1011 4212 ad
1032 4172 1191 4233 pronomen
1212 4152 1285 4212 rela-
