3034 4675
665 273 879 335 ..14-

234 461 331 521 nequo
351 441 424 501 illud
438 439 476 500 ad
498 442 669 500 insolentem
683 440 837 500 verborum
851 439 1083 526 distributionem
1105 444 1306 523 explicandam

234 547 354 621 suffieit,
385 545 464 626 quod
493 565 550 604 vox
579 545 689 625 αὐτήν,
709 548 750 603 -in
778 565 837 624 qua
861 565 966 621 magna
986 549 1030 605 vis
1051 558 1197 622 versatur,
1228 553 1308 610 initio

234 671 335 711 versus
349 653 442 731 posita
458 660 520 726 est,
533 670 598 709 eum
621 650 740 711 eandem
764 651 824 709 fere
845 652 1015 727 gravitatem
1036 662 1167 712 assecuta
1188 664 1273 728 esset,
1285 658 1310 714 si

236 760 367 836 proxime
394 764 464 815 ante
491 773 640 813 caesuram
663 754 757 814 looum
781 759 956 835 occupasset.
1001 776 1089 834 quam
1110 758 1149 818 oh
1171 778 1232 818 rom
1252 761 1309 819 alia

198 853 201 858 ’
235 880 321 920 cansa
342 857 543 936 investiganda
565 867 623 931 est,
654 878 730 937 quae
758 861 815 918 uisi
843 860 928 918 fallor
948 862 979 919 in
1000 860 1126 939 quodam
1147 865 1309 943 euphoniae
1360 935 1364 942 .

235 964 330 1024 studio
350 961 430 1036 latet,
454 963 532 1043 quod
557 962 666 1022 Aratus
688 966 905 1024 consonantiam
926 964 1004 1023 illam
1026 964 1082 1043 τὴν
1103 967 1198 1045 αὐτὴν
1218 965 1238 1046 ἢ
1260 969 1308 1029 καὶ

236 1066 380 1149 τριτάτην
405 1070 497 1127 vitare
524 1068 572 1127 vel
599 1068 749 1128 debilitare
778 1068 869 1128 voluit
897 1067 1043 1128 distractis.
1069 1070 1204 1143 vocibus,
1235 1067 1310 1152 quae

236 1174 358 1233 similem
374 1175 484 1231 exitum
501 1174 682 1253 praeberent.
712 1174 834 1233 fortasse
855 1172 926 1231 haec
948 1176 1085 1233 inusitata
1106 1185 1136 1234 et
1158 1177 1310 1253 singularis

235 1278 388 1341 verborum
418 1280 505 1336 series
531 1280 607 1337 inter
631 1278 813 1338 soloecismos
841 1276 992 1337 referenda
1022 1289 1080 1353 est,
1111 1269 1185 1360 quos
1215 1302 1309 1359 gram·

236 1385 333 1442 matini
362 1385 392 1441 in
421 1382 514 1440 Arato
548 1382 761 1461 reprehendere
788 1383 890 1441 solent
935 1392 966 1441 at
996 1383 1076 1442 illam
1107 1405 1194 1463 qnam
1226 1386 1310 1445 modo
1512 1453 1513 1460 ἵ

165 1547 168 1551 .
221 1467 482 1568 perlustravimus,
505 1488 618 1545 articuli
632 1489 733 1566 traieet
734 1488 830 1545 ionem
847 1488 903 1545 nisi
924 1488 1003 1566 apud
1024 1492 1189 1567 posterioris
1211 1493 1312 1561 aetatis
1379 1527 1400 1550 r
1422 1455 1481 1572 ¹10
1512 1522 1514 1534 ·

235 1602 335 1673 poetas
356 1613 416 1652 non
437 1593 560 1650 inveniri
580 1590 740 1650 notandum
766 1598 818 1649 est.
1052 1603 1104 1680 V
1227 1564 1383 1698 W}
1395 1601 1414 1652 l
1512 1577 1513 1640 l

321 1697 503 1776 Plerumque
519 1714 587 1755 vero
609 1695 745 1755 articulus
768 1695 863 1754 locum
884 1704 952 1755 ante
973 1696 1183 1760 substantivum
1206 1698 1309 1773 hahet,

238 1819 272 1860 ea
293 1803 369 1860 enim
391 1803 570 1880 pronominis
592 1823 608 1860 o
630 1800 758 1860 collocat
739 1807 796 1873 tro,
827 1818 886 1878 qua
915 1801 1055 1861 substant
1035 1810 1093 1860 tivo
1122 1791 1344 1882 praecedente

237 1915 305 1965 ante
325 1905 495 1965 attributum
517 1907 643 1985 positum
661 1914 713 1978 est,
736 1904 774 1964 ad
797 1905 871 1962 bane
886 1908 1084 1983 quaestionem
1101 1926 1161 1986 non
1177 1883 1310 1985 pertinet,

237 2031 302 2069 cum
335 2013 494 2070 eommunis
524 2013 725 2087 grammatices
758 2008 872 2085 legibus
904 2009 1085 2089 respondeat.
1133 2012 1185 2071 ubi
1216 2021 1312 2072 autem

240 2115 376 2175 articulus
391 2125 465 2175 ante
486 2134 593 2174 nomen
614 2115 783 2188 collocatur,
807 2117 972 2193 saepissime
989 2115 1137 2194 particulis
1158 2118 1313 2177 interiectis

179 2295 182 2300 Ι
239 2219 277 2279 ab
300 2240 333 2279 eo
356 2220 541 2295 distrahitur,
565 2219 731 2300 quodcum
753 2220 969 2278 usitatissimum
993 2221 1045 2292 sit,
1077 2220 1217 2299 exemplis
1238 2241 1312 2280 eom·

210 2346 212 2351 ·
238 2326 362 2407 probare
383 2328 522 2387 omittam.
567 2325 668 2386 eodem
689 2324 775 2385 modo
797 2325 970 2404 pronomina
991 2323 1138 2398 melitina,
1164 2307 1228 2384 leui.
1242 2347 1313 2405 pona

240 2433 309 2491 dere
340 2432 494 2505 voeabula,
536 2433 612 2490 inter
650 2431 802 2490 artieulum
837 2438 866 2488 et
897 2428 1108 2488 substantivum
1139 2432 1312 2488 inseruntur.

240 2538 275 2595 cf.
299 2537 406 2596 Herod.
430 2537 487 2609 Ill,
517 2542 589 2597 153:
620 2543 680 2594 τῶν
709 2532 736 2594 ci
762 2531 932 2616 σιτοφόρων
960 2531 1093 2612 ἡμιόνων
1121 2533 1178 2612 μία
1207 2531 1311 2592 ἔτεκεν.

241 2644 327 2701 etiam
348 2640 427 2721 apud
441 2642 602 2700 Homerum
616 2641 688 2699 haee
701 2642 831 2699 traiectio
846 2641 1000 2713 invenitur,
1018 2638 1069 2698 scd
1091 2642 1176 2698 certis
1197 2639 1313 2718 quibus-

242 2747 308 2809 dam
338 2746 450 2824 legibus
479 2744 616 2818 adstricta
645 2754 703 2820 est3
731 2733 924 2824 interponitur
955 2746 1032 2802 enim
1063 2751 1173 2802 tantum
1202 2742 1336 2803 dativus

242 2861 270 2911 et
297 2852 348 2911 ille
380 2851 498 2931 quidem
531 2870 590 2909 non
619 2852 676 2909 nisi
705 2849 847 2929 particula
876 2847 1076 2928 praecedente.
1121 2849 1157 2906 of.
1189 2848 1316 2908 Schnorr

241 2978 268 3015 v.
293 2956 452 3017 Carolsfeld
473 2955 491 3012 l.
516 2953 543 3014 d.
566 2976 595 3034 p.
624 2963 669 3016 11.
714 2957 813 3034 itaque
841 2956 898 3011 iam
927 2955 1035 3012 maiore
1063 2953 1197 3012 libertate
1224 2956 1316 3012 utitur

242 3062 392 3139 Theognis
412 3083 439 3120 v.
466 3068 524 3123 575
549 3058 578 3118 οἵ
601 3080 639 3137 με
670 3057 749 3140 φίλοι
780 3057 953 3138 προδιδοῦσι
975 3067 1005 3117 et
1027 3063 1086 3119 813
1119 3055 1148 3116 οἵ
1174 3077 1212 3134 με
1235 3057 1315 3141 pallor

243 3166 429 3248 apollinium.
474 3167 567 3244 poetis
596 3162 701 3223 deinde
729 3163 938 3223 Alexandrinis
967 3170 996 3221 et
1023 3164 1074 3240 qui
1102 3169 1193 3220 artem
1218 3181 1315 3221 eorum

244 3273 393 3329 imitantur
420 3273 658 3350 epigrammatum
686 3268 874 3348 scriptoribus
902 3268 975 3326 haec
994 3266 1107 3326 articuli
1129 3287 1182 3346 per
1201 3287 1315 3325 aeeusa-
1343 3270 1347 3275 '

244 3376 334 3433 tivum
356 3377 534 3453 pronominis
563 3375 686 3434 enelitiei
714 3395 732 3432 a
757 3373 938 3432 substantivo
960 3371 1068 3431 diducti
1090 3373 1195 3450 positio
1216 3375 1246 3431 in
1268 3371 1316 3430 de·

244 3602 400 3652 sedatiorem
414 3601 560 3663 ingressum
575 3601 699 3665 efficiunt,
715 3602 797 3650 multo
813 3602 896 3649 rarius
913 3614 929 3648 a
948 3600 1110 3648 Callimacho
1129 3600 1243 3649 adhibita
1258 3592 1317 3647 sint'

244 3687 287 3753 (ef.
305 3689 435 3741 Benecke.
454 3691 487 3738 de
505 3696 560 3739 arte
577 3690 683 3739 metrica
704 3690 866 3739 Callimachi.
890 3688 1060 3750 Argentorati
1076 3688 1151 3739 1880.
1171 3703 1196 3750 p.
1215 3688 1230 3739 8
1245 3686 1317 3749 sqq.).

245 3794 330 3843 neque
347 3780 376 3828 in
387 3774 499 3826 Aratum
516 3777 630 3827 Kaibelii
648 3778 780 3847 sententia
800 3779 924 3841 quadrat3
943 3791 1003 3832 narn
1021 3777 1048 3825 iu
1068 3776 1155 3840 priore
1173 3776 1318 3831 hexametri

245 3875 318 3931 parte
338 3867 436 3931 dactyli
453 3866 595 3915 crebriores
613 3874 674 3915 sunt
686 3881 764 3929 qnam
778 3864 896 3928 spondei,
914 3872 992 3927 atque
1011 3867 1078 3913 duae
1095 3865 1155 3913 illae
1173 3865 1319 3913 hexametri

246 3957 356 4005 formae:
376 3956 490 4004 dssdd
509 3961 536 4003 et
554 3957 592 4002 sd
605 3956 670 4002 sdd
690 3955 769 4003 simili
790 3956 844 4002 lere
862 3954 963 4001 ratione
981 3954 1008 4001 in
1025 3952 1100 4000 Arati
1113 3951 1227 4001 carmine
1245 3964 1319 3998 usur·
1366 3969 1371 3976 ·

247 4052 323 4106 patae
341 4044 515 4092 inveniuntur.
551 4043 639 4103 itaque
663 4042 772 4091 metrica
796 4049 852 4090 arte
871 4043 921 4091 hoe
940 4039 1152 4103 transgressionis
1172 4052 1254 4101 genus
1274 4052 1320 4085 ex·
1406 4074 1409 4077 .
1509 4030 1514 4053 ’“

246 4132 338 4197 plicari
356 4132 398 4180 vel
416 4131 534 4181 excusari
554 4145 606 4180 non
624 4136 717 4193 potest.
1278 4136 1280 4139 ’
