<?xml version="1.0" encoding="UTF-8"?>
<!DOCTYPE html PUBLIC "-//W3C//DTD XHTML 1.0 Transitional//EN"
    "http://www.w3.org/TR/xhtml1/DTD/xhtml1-transitional.dtd">
<html xmlns="http://www.w3.org/1999/xhtml" xml:lang="en" lang="en">
 <head>
  <title>
</title>
<meta http-equiv="Content-Type" content="text/html;charset=utf-8" />
  <meta name='ocr-system' content='tesseract 3.04.00' />
  <meta name='ocr-capabilities' content='ocr_page ocr_carea ocr_par ocr_line ocrx_word'/>
</head>
<body>
  <div class='ocr_page' id='page_1' title='image "./deliberioreling00boldgoog_0120.png"; bbox 0 0 3034 4675; ppageno 0'>
   <div class='ocr_carea' id='block_1_1' title="bbox 238 250 885 501">
    <p class='ocr_par' dir='ltr' id='par_1_1' title="bbox 238 250 885 501">
     <span class='ocr_line' id='line_1_1' title="bbox 653 250 885 314; baseline 0 0"><span class='ocrx_word' id='word_1_1' title='bbox 653 286 695 295; x_wconf 91' lang='lat'>—</span> <span class='ocrx_word' id='word_1_2' title='bbox 740 250 801 314; x_wconf 84' lang='grc'>116</span> <span class='ocrx_word' id='word_1_3' title='bbox 847 287 885 297; x_wconf 82' lang='grc'>-·</span> 
     </span>
     <span class='ocr_line' id='line_1_2' title="bbox 238 420 692 501; baseline -0.004 -21"><span class='ocrx_word' id='word_1_4' title='bbox 238 421 335 501; x_wconf 84' lang='lat' dir='ltr'><strong>Apoll.</strong></span> <span class='ocrx_word' id='word_1_5' title='bbox 358 420 453 481; x_wconf 88' lang='lat' dir='ltr'>Rhod.</span> <span class='ocrx_word' id='word_1_6' title='bbox 476 422 520 481; x_wconf 91' lang='lat' dir='ltr'>IV</span> <span class='ocrx_word' id='word_1_7' title='bbox 546 428 625 484; x_wconf 85' lang='grc'><strong>1180</strong></span> <span class='ocrx_word' id='word_1_8' title='bbox 649 441 692 500; x_wconf 85' lang='lat' dir='ltr'>sq.</span> 
     </span>
    </p>
   </div>
   <div class='ocr_carea' id='block_1_2' title="bbox 238 521 1317 1976">
    <p class='ocr_par' dir='ltr' id='par_1_2' title="bbox 425 521 1142 608">
     <span class='ocr_line' id='line_1_3' title="bbox 425 521 1142 608; baseline -0.003 -21"><span class='ocrx_word' id='word_1_9' title='bbox 425 525 524 608; x_wconf 75' lang='grc' dir='ltr'><strong><em>ἥρωας</em></strong></span> <span class='ocrx_word' id='word_1_10' title='bbox 546 548 577 586; x_wconf 86' lang='grc' dir='ltr'><strong><em>τε</em></strong></span> <span class='ocrx_word' id='word_1_11' title='bbox 598 532 734 606; x_wconf 79' lang='grc' dir='ltr'><strong><em>γυναῖκες</em></strong></span> <span class='ocrx_word' id='word_1_12' title='bbox 753 521 871 596; x_wconf 83' lang='grc' dir='ltr'><strong><em>άολλίες</em></strong></span> <span class='ocrx_word' id='word_1_13' title='bbox 894 521 998 585; x_wconf 68' lang='grc' dir='ltr'><strong><em>ἔκτοθι</em></strong></span> <span class='ocrx_word' id='word_1_14' title='bbox 1021 525 1142 607; x_wconf 79' lang='grc' dir='ltr'><strong><em>πάρηοιν</em></strong></span> 
     </span>
    </p>

    <p class='ocr_par' dir='ltr' id='par_1_3' title="bbox 239 619 972 816">
     <span class='ocr_line' id='line_1_4' title="bbox 423 619 883 709; baseline -0.009 -17"><span class='ocrx_word' id='word_1_15' title='bbox 423 634 528 709; x_wconf 75' lang='grc' dir='ltr'><strong><em>βαῖνον</em></strong></span> <span class='ocrx_word' id='word_1_16' title='bbox 550 628 747 709; x_wconf 65' lang='grc' dir='ltr'><strong><em>ἐπαιρόμεναι.</em></strong></span> <span class='ocrx_word' id='word_1_17' title='bbox 880 619 883 624; x_wconf 63' lang='lat'>‚</span> 
     </span>
     <span class='ocr_line' id='line_1_5' title="bbox 239 735 972 816; baseline -0.003 -20"><span class='ocrx_word' id='word_1_18' title='bbox 239 736 341 796; x_wconf 87' lang='lat' dir='ltr'>eodem</span> <span class='ocrx_word' id='word_1_19' title='bbox 362 737 486 798; x_wconf 89' lang='lat' dir='ltr'>tendunt</span> <span class='ocrx_word' id='word_1_20' title='bbox 506 756 604 795; x_wconf 86' lang='lat' dir='ltr'>versus</span> <span class='ocrx_word' id='word_1_21' title='bbox 623 735 712 816; x_wconf 82' lang='lat' dir='ltr'>Soph.</span> <span class='ocrx_word' id='word_1_22' title='bbox 738 735 773 796; x_wconf 93' lang='grc' dir='ltr'>Ο.</span> <span class='ocrx_word' id='word_1_23' title='bbox 793 737 827 795; x_wconf 72' lang='grc' dir='ltr'>Β.</span> <span class='ocrx_word' id='word_1_24' title='bbox 853 741 890 797; x_wconf 89' lang='grc'>31</span> <span class='ocrx_word' id='word_1_25' title='bbox 907 755 972 814; x_wconf 89' lang='lat' dir='ltr'>sqq.</span> 
     </span>
    </p>

    <p class='ocr_par' dir='ltr' id='par_1_4' title="bbox 405 829 1035 922">
     <span class='ocr_line' id='line_1_6' title="bbox 405 829 1035 922; baseline -0.005 -19"><span class='ocrx_word' id='word_1_26' title='bbox 405 846 503 903; x_wconf 70' lang='grc' dir='ltr'><strong><em>θεοῖσι</em></strong></span> <span class='ocrx_word' id='word_1_27' title='bbox 524 838 579 919; x_wconf 83' lang='grc' dir='ltr'>μίν</span> <span class='ocrx_word' id='word_1_28' title='bbox 602 864 654 900; x_wconf 90' lang='grc' dir='ltr'>νον</span> <span class='ocrx_word' id='word_1_29' title='bbox 676 829 907 918; x_wconf 52' lang='grc' dir='ltr'><strong><em>οὐκδσοίμενίν</em></strong></span> <span class='ocrx_word' id='word_1_30' title='bbox 927 837 955 900; x_wconf 85' lang='lat' dir='ltr'>o&#39;</span> <span class='ocrx_word' id='word_1_31' title='bbox 978 839 1035 922; x_wconf 78' lang='grc' dir='ltr'><strong><em>ἓηιίι</em></strong></span> 
     </span>
    </p>

    <p class='ocr_par' dir='ltr' id='par_1_5' title="bbox 404 939 1019 1029">
     <span class='ocr_line' id='line_1_7' title="bbox 404 939 1019 1029; baseline -0.005 -21"><span class='ocrx_word' id='word_1_32' title='bbox 404 940 468 1008; x_wconf 85' lang='grc' dir='ltr'><strong><em>οὐδ’</em></strong></span> <span class='ocrx_word' id='word_1_33' title='bbox 496 939 556 1006; x_wconf 79' lang='grc' dir='ltr'><strong><em>οἶδε</em></strong></span> <span class='ocrx_word' id='word_1_34' title='bbox 578 945 692 1029; x_wconf 75' lang='grc' dir='ltr'><strong><em>παῖδες,</em></strong></span> <span class='ocrx_word' id='word_1_35' title='bbox 715 940 857 1024; x_wconf 72' lang='grc' dir='ltr'><strong><em>ἔζίμισ3’</em></strong></span> <span class='ocrx_word' id='word_1_36' title='bbox 880 944 1019 1027; x_wconf 74' lang='grc' dir='ltr'><strong><em>εἠίστιοι,</em></strong></span> 
     </span>
    </p>

    <p class='ocr_par' dir='ltr' id='par_1_6' title="bbox 406 1048 1106 1134">
     <span class='ocr_line' id='line_1_8' title="bbox 406 1048 1106 1134; baseline 0 -23"><span class='ocrx_word' id='word_1_37' title='bbox 406 1051 523 1134; x_wconf 78' lang='grc' dir='ltr'><strong><em>ἀνδρῶν</em></strong></span> <span class='ocrx_word' id='word_1_38' title='bbox 545 1073 577 1111; x_wconf 86' lang='grc' dir='ltr'><strong><em>τε</em></strong></span> <span class='ocrx_word' id='word_1_39' title='bbox 601 1059 720 1133; x_wconf 84' lang='grc' dir='ltr'><strong><em>πρῶτον</em></strong></span> <span class='ocrx_word' id='word_1_40' title='bbox 741 1048 772 1112; x_wconf 75' lang='grc' dir='ltr'>ἕν</span> <span class='ocrx_word' id='word_1_41' title='bbox 794 1073 825 1111; x_wconf 90' lang='grc' dir='ltr'><strong><em>τε</em></strong></span> <span class='ocrx_word' id='word_1_42' title='bbox 846 1058 1016 1134; x_wconf 76' lang='grc' dir='ltr'><strong><em>συμφοραῖς</em></strong></span> <span class='ocrx_word' id='word_1_43' title='bbox 1037 1049 1106 1128; x_wconf 77' lang='grc' dir='ltr'><strong><em>βίου</em></strong></span> 
     </span>
    </p>

    <p class='ocr_par' dir='ltr' id='par_1_7' title="bbox 238 1153 1315 1661">
     <span class='ocr_line' id='line_1_9' title="bbox 404 1153 1050 1237; baseline 0.002 -20"><span class='ocrx_word' id='word_1_44' title='bbox 404 1156 552 1237; x_wconf 79' lang='grc' dir='ltr'><strong><em>κρίνοντες</em></strong></span> <span class='ocrx_word' id='word_1_45' title='bbox 575 1153 605 1217; x_wconf 72' lang='lat' dir='ltr'>tt</span> <span class='ocrx_word' id='word_1_46' title='bbox 626 1178 658 1216; x_wconf 87' lang='grc' dir='ltr'><strong><em>τε</em></strong></span> <span class='ocrx_word' id='word_1_47' title='bbox 681 1156 821 1235; x_wconf 78' lang='grc' dir='ltr'><strong><em>δαίμοσιν</em></strong></span> <span class='ocrx_word' id='word_1_48' title='bbox 842 1160 1050 1237; x_wconf 80' lang='grc' dir='ltr'><strong><em>συναλλαγαῖς.</em></strong></span> 
     </span>
     <span class='ocr_line' id='line_1_10' title="bbox 239 1263 1315 1344; baseline 0 -21"><span class='ocrx_word' id='word_1_49' title='bbox 239 1283 297 1344; x_wconf 91' lang='lat' dir='ltr'>quo</span> <span class='ocrx_word' id='word_1_50' title='bbox 319 1263 419 1323; x_wconf 91' lang='lat' dir='ltr'>ultimo</span> <span class='ocrx_word' id='word_1_51' title='bbox 442 1264 504 1324; x_wconf 91' lang='lat' dir='ltr'>loco</span> <span class='ocrx_word' id='word_1_52' title='bbox 526 1263 721 1343; x_wconf 87' lang='lat' dir='ltr'>praedicatum</span> <span class='ocrx_word' id='word_1_53' title='bbox 744 1265 836 1341; x_wconf 82' lang='lat' dir='ltr'>magis</span> <span class='ocrx_word' id='word_1_54' title='bbox 855 1263 1022 1336; x_wconf 85' lang='lat' dir='ltr'>occultatur,</span> <span class='ocrx_word' id='word_1_55' title='bbox 1048 1282 1112 1321; x_wconf 90' lang='lat' dir='ltr'>oum</span> <span class='ocrx_word' id='word_1_56' title='bbox 1134 1265 1315 1323; x_wconf 80' lang='lat' dir='ltr'>constructio</span> 
     </span>
     <span class='ocr_line' id='line_1_11' title="bbox 240 1367 1312 1449; baseline -0.001 -21"><span class='ocrx_word' id='word_1_57' title='bbox 240 1371 382 1449; x_wconf 86' lang='lat' dir='ltr'>participii</span> <span class='ocrx_word' id='word_1_58' title='bbox 404 1389 543 1429; x_wconf 86' lang='lat' dir='ltr'>summam</span> <span class='ocrx_word' id='word_1_59' title='bbox 565 1372 727 1428; x_wconf 83' lang='lat' dir='ltr'>sententiae</span> <span class='ocrx_word' id='word_1_60' title='bbox 747 1372 907 1443; x_wconf 78' lang='lat' dir='ltr'>contineat3</span> <span class='ocrx_word' id='word_1_61' title='bbox 930 1370 1065 1446; x_wconf 80' lang='lat' dir='ltr'><strong>quocirca</strong></span> <span class='ocrx_word' id='word_1_62' title='bbox 1085 1367 1233 1428; x_wconf 82' lang='lat' dir='ltr'>collocatio</span> <span class='ocrx_word' id='word_1_63' title='bbox 1248 1387 1312 1427; x_wconf 89' lang='lat' dir='ltr'>ver·</span> 
     </span>
     <span class='ocr_line' id='line_1_12' title="bbox 238 1461 1314 1552; baseline -0.001 -18"><span class='ocrx_word' id='word_1_64' title='bbox 238 1473 341 1534; x_wconf 84' lang='lat' dir='ltr'>borum</span> <span class='ocrx_word' id='word_1_65' title='bbox 355 1461 392 1533; x_wconf 89' lang='lat' dir='ltr'>ad</span> <span class='ocrx_word' id='word_1_66' title='bbox 415 1475 544 1535; x_wconf 82' lang='lat' dir='ltr'>effectum</span> <span class='ocrx_word' id='word_1_67' title='bbox 566 1476 740 1535; x_wconf 86' lang='lat' dir='ltr'>rhetoricum</span> <span class='ocrx_word' id='word_1_68' title='bbox 762 1475 963 1552; x_wconf 81' lang='lat' dir='ltr'>conformatur,</span> <span class='ocrx_word' id='word_1_69' title='bbox 982 1481 1015 1532; x_wconf 93' lang='lat' dir='ltr'>ut</span> <span class='ocrx_word' id='word_1_70' title='bbox 1034 1476 1194 1552; x_wconf 79' lang='lat' dir='ltr'>pugnantia</span> <span class='ocrx_word' id='word_1_71' title='bbox 1214 1493 1314 1533; x_wconf 86' lang='lat' dir='ltr'>secum</span> 
     </span>
     <span class='ocr_line' id='line_1_13' title="bbox 241 1578 1225 1661; baseline -0.002 -22"><span class='ocrx_word' id='word_1_72' title='bbox 241 1579 364 1660; x_wconf 72' lang='grc' dir='ltr'><strong><em>(θεοῖσι,</em></strong></span> <span class='ocrx_word' id='word_1_73' title='bbox 387 1578 518 1661; x_wconf 79' lang='grc' dir='ltr'><strong><em>ἀνδρῶν)</em></strong></span> <span class='ocrx_word' id='word_1_74' title='bbox 541 1578 710 1639; x_wconf 87' lang='lat' dir='ltr'>ineuntibus</span> <span class='ocrx_word' id='word_1_75' title='bbox 731 1579 862 1639; x_wconf 83' lang='lat' dir='ltr'>versibus</span> <span class='ocrx_word' id='word_1_76' title='bbox 884 1583 960 1638; x_wconf 90' lang='lat' dir='ltr'>inter</span> <span class='ocrx_word' id='word_1_77' title='bbox 980 1596 1012 1638; x_wconf 86' lang='lat' dir='ltr'>se</span> <span class='ocrx_word' id='word_1_78' title='bbox 1034 1586 1225 1657; x_wconf 87' lang='lat' dir='ltr'>opponantur.</span> 
     </span>
    </p>

    <p class='ocr_par' dir='ltr' id='par_1_8' title="bbox 326 1682 1317 1769">
     <span class='ocr_line' id='line_1_14' title="bbox 326 1682 1317 1769; baseline 0 -25"><span class='ocrx_word' id='word_1_79' title='bbox 326 1684 357 1744; x_wconf 83' lang='lat' dir='ltr'>Si</span> <span class='ocrx_word' id='word_1_80' title='bbox 363 1704 446 1769; x_wconf 56' lang='lat' dir='ltr'>,vero</span> <span class='ocrx_word' id='word_1_81' title='bbox 469 1693 498 1744; x_wconf 90' lang='lat' dir='ltr'>et</span> <span class='ocrx_word' id='word_1_82' title='bbox 518 1687 614 1766; x_wconf 91' lang='lat' dir='ltr'>ipsum</span> <span class='ocrx_word' id='word_1_83' title='bbox 634 1684 754 1744; x_wconf 89' lang='lat' dir='ltr'>verbum</span> <span class='ocrx_word' id='word_1_84' title='bbox 772 1685 885 1744; x_wconf 89' lang='lat' dir='ltr'>finitum</span> <span class='ocrx_word' id='word_1_85' title='bbox 903 1703 968 1742; x_wconf 86' lang='lat' dir='ltr'>oum</span> <span class='ocrx_word' id='word_1_86' title='bbox 990 1683 1102 1743; x_wconf 85' lang='lat' dir='ltr'>obiecto</span> <span class='ocrx_word' id='word_1_87' title='bbox 1117 1692 1175 1742; x_wconf 81' lang='lat' dir='ltr'>aut</span> <span class='ocrx_word' id='word_1_88' title='bbox 1194 1682 1317 1744; x_wconf 86' lang='lat' dir='ltr'>vocibus</span> 
     </span>
    </p>

    <p class='ocr_par' dir='ltr' id='par_1_9' title="bbox 242 1787 1312 1976">
     <span class='ocr_line' id='line_1_15' title="bbox 242 1787 1312 1869; baseline -0.001 -20"><span class='ocrx_word' id='word_1_89' title='bbox 242 1809 432 1869; x_wconf 87' lang='lat' dir='ltr'>quaecunque</span> <span class='ocrx_word' id='word_1_90' title='bbox 460 1799 527 1849; x_wconf 92' lang='lat' dir='ltr'>sunt</span> <span class='ocrx_word' id='word_1_91' title='bbox 555 1791 740 1849; x_wconf 87' lang='lat' dir='ltr'>coniunctum</span> <span class='ocrx_word' id='word_1_92' title='bbox 768 1799 826 1863; x_wconf 84' lang='lat' dir='ltr'>est,</span> <span class='ocrx_word' id='word_1_93' title='bbox 854 1790 959 1851; x_wconf 86' lang='lat' dir='ltr'>Graeci</span> <span class='ocrx_word' id='word_1_94' title='bbox 987 1809 1046 1848; x_wconf 92' lang='lat' dir='ltr'>non</span> <span class='ocrx_word' id='word_1_95' title='bbox 1067 1809 1133 1849; x_wconf 87' lang='lat' dir='ltr'>raro</span> <span class='ocrx_word' id='word_1_96' title='bbox 1147 1787 1312 1868; x_wconf 66' lang='lat' dir='ltr'>‘praedicati</span> 
     </span>
     <span class='ocr_line' id='line_1_16' title="bbox 242 1894 1312 1976; baseline -0.001 -21"><span class='ocrx_word' id='word_1_97' title='bbox 242 1898 444 1976; x_wconf 80' lang='lat' dir='ltr'>partieipiique</span> <span class='ocrx_word' id='word_1_98' title='bbox 464 1894 593 1955; x_wconf 86' lang='lat' dir='ltr'>membra</span> <span class='ocrx_word' id='word_1_99' title='bbox 614 1894 766 1955; x_wconf 86' lang='lat' dir='ltr'>artificiose</span> <span class='ocrx_word' id='word_1_100' title='bbox 787 1898 976 1967; x_wconf 83' lang='lat' dir='ltr'>traiecerunt,</span> <span class='ocrx_word' id='word_1_101' title='bbox 1006 1905 1039 1955; x_wconf 91' lang='lat' dir='ltr'>ut</span> <span class='ocrx_word' id='word_1_102' title='bbox 1067 1896 1121 1954; x_wconf 84' lang='lat' dir='ltr'>hae</span> <span class='ocrx_word' id='word_1_103' title='bbox 1143 1894 1218 1954; x_wconf 87' lang='lat' dir='ltr'>duae</span> <span class='ocrx_word' id='word_1_104' title='bbox 1245 1914 1312 1954; x_wconf 89' lang='lat' dir='ltr'>con·</span> 
     </span>
    </p>
   </div>
   <div class='ocr_carea' id='block_1_3' title="bbox 243 1993 1511 2081">
    <p class='ocr_par' dir='ltr' id='par_1_10' title="bbox 243 1993 1511 2081">
     <span class='ocr_line' id='line_1_17' title="bbox 243 1993 1511 2081; baseline -0.002 -21"><span class='ocrx_word' id='word_1_105' title='bbox 243 2004 413 2061; x_wconf 77' lang='lat' dir='ltr'>structiones</span> <span class='ocrx_word' id='word_1_106' title='bbox 438 2003 469 2059; x_wconf 93' lang='lat' dir='ltr'>in</span> <span class='ocrx_word' id='word_1_107' title='bbox 498 2009 589 2060; x_wconf 88' lang='lat' dir='ltr'>semet</span> <span class='ocrx_word' id='word_1_108' title='bbox 620 2002 697 2079; x_wconf 86' lang='lat' dir='ltr'>ipsas</span> <span class='ocrx_word' id='word_1_109' title='bbox 725 2001 887 2081; x_wconf 77' lang='lat' dir='ltr'>implicatae</span> <span class='ocrx_word' id='word_1_110' title='bbox 916 2010 946 2058; x_wconf 90' lang='lat' dir='ltr'>et</span> <span class='ocrx_word' id='word_1_111' title='bbox 975 2009 1122 2059; x_wconf 79' lang='lat' dir='ltr'>contortae</span> <span class='ocrx_word' id='word_1_112' title='bbox 1150 1999 1316 2059; x_wconf 86' lang='lat' dir='ltr'>videantur.</span> <span class='ocrx_word' id='word_1_113' title='bbox 1413 1993 1418 1998; x_wconf 49' lang='lat'><strong>⁴</strong></span> <span class='ocrx_word' id='word_1_114' title='bbox 1508 2021 1511 2038; x_wconf 75' lang='lat'>¹</span> 
     </span>
    </p>
   </div>
   <div class='ocr_carea' id='block_1_4' title="bbox 166 2100 1378 3240">
    <p class='ocr_par' dir='ltr' id='par_1_11' title="bbox 166 2100 1378 3029">
     <span class='ocr_line' id='line_1_18' title="bbox 241 2100 1315 2187; baseline 0.002 -24"><span class='ocrx_word' id='word_1_115' title='bbox 241 2105 276 2163; x_wconf 85' lang='lat' dir='ltr'>ci.</span> <span class='ocrx_word' id='word_1_116' title='bbox 307 2105 402 2164; x_wconf 85' lang='lat' dir='ltr'>Thac.</span> <span class='ocrx_word' id='word_1_117' title='bbox 429 2105 477 2165; x_wconf 95' lang='grc' dir='ltr'>ΙΠ</span> <span class='ocrx_word' id='word_1_118' title='bbox 503 2112 560 2168; x_wconf 82' lang='grc'>103</span> <span class='ocrx_word' id='word_1_119' title='bbox 591 2100 775 2174; x_wconf 78' lang='grc' dir='ltr'><strong><em>ἀποστάντες</em></strong></span> <span class='ocrx_word' id='word_1_120' title='bbox 803 2105 905 2176; x_wconf 76' lang='grc' dir='ltr'><strong><em>αὐτοῖς</em></strong></span> <span class='ocrx_word' id='word_1_121' title='bbox 927 2105 986 2164; x_wconf 82' lang='grc' dir='ltr'>ἀπὸ</span> <span class='ocrx_word' id='word_1_122' title='bbox 1007 2104 1202 2187; x_wconf 80' lang='grc' dir='ltr'><strong><em>Συρακοσίων</em></strong></span> <span class='ocrx_word' id='word_1_123' title='bbox 1229 2106 1315 2177; x_wconf 76' lang='grc' dir='ltr'><strong><em>ξυνε·</em></strong></span> 
     </span>
     <span class='ocr_line' id='line_1_19' title="bbox 245 2207 1317 2291; baseline 0.001 -23"><span class='ocrx_word' id='word_1_124' title='bbox 245 2207 401 2287; x_wconf 79' lang='grc' dir='ltr'><strong><em>πολίμουν,</em></strong></span> <span class='ocrx_word' id='word_1_125' title='bbox 442 2211 564 2291; x_wconf 84' lang='lat' dir='ltr'>Antiph.</span> <span class='ocrx_word' id='word_1_126' title='bbox 587 2215 602 2272; x_wconf 97' lang='grc' dir='ltr'><strong>Ι</strong></span> <span class='ocrx_word' id='word_1_127' title='bbox 626 2218 642 2272; x_wconf 88' lang='grc'>3</span> <span class='ocrx_word' id='word_1_128' title='bbox 667 2209 719 2271; x_wconf 69' lang='grc' dir='ltr'>ἰὰν</span> <span class='ocrx_word' id='word_1_129' title='bbox 739 2209 880 2282; x_wconf 68' lang='grc' dir='ltr'><strong><em>ἐπιδείξω</em></strong></span> <span class='ocrx_word' id='word_1_130' title='bbox 988 2211 1031 2289; x_wconf 79' lang='grc' dir='ltr'>μὴ</span> <span class='ocrx_word' id='word_1_131' title='bbox 1053 2209 1142 2287; x_wconf 75' lang='grc' dir='ltr'><strong><em>ἅπαξ,</em></strong></span> <span class='ocrx_word' id='word_1_132' title='bbox 1165 2211 1241 2271; x_wconf 80' lang='grc' dir='ltr'><strong><em>ἀλλὰ</em></strong></span> <span class='ocrx_word' id='word_1_133' title='bbox 1263 2211 1317 2271; x_wconf 78' lang='grc' dir='ltr'><strong><em>καί·</em></strong></span> 
     </span>
     <span class='ocr_line' id='line_1_20' title="bbox 244 2305 1319 2401; baseline 0.001 -25"><span class='ocrx_word' id='word_1_134' title='bbox 244 2308 384 2388; x_wconf 80' lang='grc' dir='ltr'><strong><em>πολλάκις</em></strong></span> <span class='ocrx_word' id='word_1_135' title='bbox 413 2314 470 2396; x_wconf 73' lang='grc' dir='ltr'>ἤδη</span> <span class='ocrx_word' id='word_1_136' title='bbox 497 2318 670 2399; x_wconf 71' lang='grc' dir='ltr'><strong><em>ληφθεῖσαν</em></strong></span> <span class='ocrx_word' id='word_1_137' title='bbox 698 2316 751 2377; x_wconf 85' lang='grc' dir='ltr'>τὸν</span> <span class='ocrx_word' id='word_1_138' title='bbox 772 2310 908 2377; x_wconf 73' lang='grc' dir='ltr'><strong><em>θάνατον</em></strong></span> <span class='ocrx_word' id='word_1_139' title='bbox 935 2314 1046 2376; x_wconf 71' lang='grc' dir='ltr'><strong><em>ἐκείνου</em></strong></span> <span class='ocrx_word' id='word_1_140' title='bbox 1074 2305 1121 2377; x_wconf 74' lang='grc' dir='ltr'>ἐπ’</span> <span class='ocrx_word' id='word_1_141' title='bbox 1153 2315 1319 2401; x_wconf 78' lang='grc' dir='ltr'><strong><em>αδτοιμίρῳ</em></strong></span> 
     </span>
     <span class='ocr_line' id='line_1_21' title="bbox 244 2418 1316 2502; baseline 0.002 -21"><span class='ocrx_word' id='word_1_142' title='bbox 244 2418 474 2501; x_wconf 76' lang='grc' dir='ltr'><strong><em>μηχανωμένην.</em></strong></span> <span class='ocrx_word' id='word_1_143' title='bbox 510 2432 598 2502; x_wconf 89' lang='lat' dir='ltr'>atque</span> <span class='ocrx_word' id='word_1_144' title='bbox 619 2425 644 2482; x_wconf 86' lang='lat' dir='ltr'>si</span> <span class='ocrx_word' id='word_1_145' title='bbox 665 2421 927 2494; x_wconf 80' lang='lat' dir='ltr'>animadvertimus,</span> <span class='ocrx_word' id='word_1_146' title='bbox 944 2441 1020 2501; x_wconf 85' lang='lat' dir='ltr'>quae</span> <span class='ocrx_word' id='word_1_147' title='bbox 1032 2422 1186 2482; x_wconf 87' lang='lat' dir='ltr'>verborum</span> <span class='ocrx_word' id='word_1_148' title='bbox 1207 2443 1316 2502; x_wconf 83' lang='lat' dir='ltr'>genera</span> 
     </span>
     <span class='ocr_line' id='line_1_22' title="bbox 166 2518 1378 2608; baseline 0.003 -22"><span class='ocrx_word' id='word_1_149' title='bbox 166 2566 172 2574; x_wconf 46' lang='grc' dir='ltr'><strong><em>ι</em></strong></span> <span class='ocrx_word' id='word_1_150' title='bbox 243 2528 293 2587; x_wconf 82' lang='lat' dir='ltr'>tali</span> <span class='ocrx_word' id='word_1_151' title='bbox 333 2527 559 2587; x_wconf 82' lang='lat' dir='ltr'>conformatione</span> <span class='ocrx_word' id='word_1_152' title='bbox 596 2528 727 2608; x_wconf 87' lang='lat' dir='ltr'>proxime</span> <span class='ocrx_word' id='word_1_153' title='bbox 763 2529 919 2606; x_wconf 85' lang='lat' dir='ltr'>composita</span> <span class='ocrx_word' id='word_1_154' title='bbox 954 2535 1004 2585; x_wconf 87' lang='lat' dir='ltr'>aut</span> <span class='ocrx_word' id='word_1_155' title='bbox 1037 2528 1151 2605; x_wconf 84' lang='lat' dir='ltr'>longius</span> <span class='ocrx_word' id='word_1_156' title='bbox 1187 2532 1317 2589; x_wconf 86' lang='lat' dir='ltr'>seiuncta</span> <span class='ocrx_word' id='word_1_157' title='bbox 1375 2518 1378 2527; x_wconf 53' lang='grc'>’</span> 
     </span>
     <span class='ocr_line' id='line_1_23' title="bbox 243 2632 1318 2714; baseline 0.001 -21"><span class='ocrx_word' id='word_1_158' title='bbox 243 2633 377 2709; x_wconf 86' lang='lat' dir='ltr'>legantur</span> <span class='ocrx_word' id='word_1_159' title='bbox 397 2651 431 2701; x_wconf 84' lang='lat' dir='ltr'>ac</span> <span class='ocrx_word' id='word_1_160' title='bbox 451 2632 537 2691; x_wconf 87' lang='lat' dir='ltr'>simul</span> <span class='ocrx_word' id='word_1_161' title='bbox 559 2652 607 2692; x_wconf 86' lang='lat' dir='ltr'>eos</span> <span class='ocrx_word' id='word_1_162' title='bbox 628 2633 706 2692; x_wconf 87' lang='lat' dir='ltr'>locos</span> <span class='ocrx_word' id='word_1_163' title='bbox 724 2633 901 2711; x_wconf 88' lang='lat' dir='ltr'>respicimus,</span> <span class='ocrx_word' id='word_1_164' title='bbox 916 2652 989 2711; x_wconf 91' lang='lat' dir='ltr'>quos</span> <span class='ocrx_word' id='word_1_165' title='bbox 1006 2632 1141 2714; x_wconf 86' lang='lat' dir='ltr'>deinceps</span> <span class='ocrx_word' id='word_1_166' title='bbox 1153 2634 1318 2708; x_wconf 75' lang='lat' dir='ltr'>afferemus,</span> 
     </span>
     <span class='ocr_line' id='line_1_24' title="bbox 246 2736 1331 2825; baseline 0.002 -28"><span class='ocrx_word' id='word_1_167' title='bbox 246 2740 276 2797; x_wconf 93' lang='lat' dir='ltr'>in</span> <span class='ocrx_word' id='word_1_168' title='bbox 305 2737 360 2796; x_wconf 89' lang='lat' dir='ltr'>hac</span> <span class='ocrx_word' id='word_1_169' title='bbox 388 2737 582 2825; x_wconf 80' lang='lat' dir='ltr'>collocationis</span> <span class='ocrx_word' id='word_1_170' title='bbox 609 2739 706 2817; x_wconf 83' lang='lat' dir='ltr'>specie</span> <span class='ocrx_word' id='word_1_171' title='bbox 729 2737 852 2805; x_wconf 22' lang='lat' dir='ltr'>schiasmi</span> <span class='ocrx_word' id='word_1_172' title='bbox 879 2736 1024 2816; x_wconf 83' lang='lat' dir='ltr'>quoddam</span> <span class='ocrx_word' id='word_1_173' title='bbox 1056 2736 1183 2799; x_wconf 87' lang='lat' dir='ltr'>studium</span> <span class='ocrx_word' id='word_1_174' title='bbox 1214 2737 1331 2821; x_wconf 73' lang='lat' dir='ltr'>depre&#39;</span> 
     </span>
     <span class='ocr_line' id='line_1_25' title="bbox 245 2826 1317 2924; baseline 0.002 -22"><span class='ocrx_word' id='word_1_175' title='bbox 245 2842 414 2918; x_wconf 78' lang='lat' dir='ltr'>hendimus3</span> <span class='ocrx_word' id='word_1_176' title='bbox 438 2862 472 2903; x_wconf 87' lang='lat' dir='ltr'>ea</span> <span class='ocrx_word' id='word_1_177' title='bbox 492 2844 569 2902; x_wconf 90' lang='lat' dir='ltr'>enim</span> <span class='ocrx_word' id='word_1_178' title='bbox 590 2826 739 2915; x_wconf 83' lang='lat' dir='ltr'>vocabula,</span> <span class='ocrx_word' id='word_1_179' title='bbox 754 2862 831 2921; x_wconf 89' lang='lat' dir='ltr'>quae</span> <span class='ocrx_word' id='word_1_180' title='bbox 851 2842 906 2902; x_wconf 87' lang='lat' dir='ltr'>sibi</span> <span class='ocrx_word' id='word_1_181' title='bbox 928 2852 996 2902; x_wconf 86' lang='lat' dir='ltr'>sunt</span> <span class='ocrx_word' id='word_1_182' title='bbox 1017 2845 1098 2924; x_wconf 88' lang='lat' dir='ltr'>paria</span> <span class='ocrx_word' id='word_1_183' title='bbox 1118 2846 1137 2902; x_wconf 92' lang='lat' dir='ltr'>i.</span> <span class='ocrx_word' id='word_1_184' title='bbox 1155 2863 1179 2905; x_wconf 89' lang='lat' dir='ltr'>e.</span> <span class='ocrx_word' id='word_1_185' title='bbox 1195 2844 1317 2904; x_wconf 87' lang='lat' dir='ltr'>verbum</span> 
     </span>
     <span class='ocr_line' id='line_1_26' title="bbox 245 2948 1321 3029; baseline 0.001 -21"><span class='ocrx_word' id='word_1_186' title='bbox 245 2949 357 3008; x_wconf 86' lang='lat' dir='ltr'>finitum</span> <span class='ocrx_word' id='word_1_187' title='bbox 386 2956 415 3007; x_wconf 90' lang='lat' dir='ltr'>et</span> <span class='ocrx_word' id='word_1_188' title='bbox 442 2949 624 3028; x_wconf 87' lang='lat' dir='ltr'>participium</span> <span class='ocrx_word' id='word_1_189' title='bbox 653 2957 741 3027; x_wconf 87' lang='lat' dir='ltr'>atque</span> <span class='ocrx_word' id='word_1_190' title='bbox 767 2967 804 3006; x_wconf 86' lang='lat' dir='ltr'>ex</span> <span class='ocrx_word' id='word_1_191' title='bbox 825 2948 914 3007; x_wconf 87' lang='lat' dir='ltr'>altera</span> <span class='ocrx_word' id='word_1_192' title='bbox 936 2959 1019 3029; x_wconf 88' lang='lat' dir='ltr'>parte</span> <span class='ocrx_word' id='word_1_193' title='bbox 1040 2968 1116 3029; x_wconf 88' lang='lat' dir='ltr'>quae</span> <span class='ocrx_word' id='word_1_194' title='bbox 1134 2949 1172 3008; x_wconf 88' lang='lat' dir='ltr'>ab</span> <span class='ocrx_word' id='word_1_195' title='bbox 1192 2958 1321 3029; x_wconf 86' lang='lat' dir='ltr'>utroque</span> 
     </span>
    </p>

    <p class='ocr_par' dir='ltr' id='par_1_12' title="bbox 172 3052 1318 3240">
     <span class='ocr_line' id='line_1_27' title="bbox 247 3052 1318 3135; baseline 0.001 -22"><span class='ocrx_word' id='word_1_196' title='bbox 247 3052 391 3135; x_wconf 85' lang='lat' dir='ltr'>pendent,</span> <span class='ocrx_word' id='word_1_197' title='bbox 422 3054 540 3119; x_wconf 87' lang='lat' dir='ltr'>ohiasmi</span> <span class='ocrx_word' id='word_1_198' title='bbox 562 3054 655 3131; x_wconf 85' lang='lat' dir='ltr'>figura</span> <span class='ocrx_word' id='word_1_199' title='bbox 676 3055 751 3112; x_wconf 91' lang='lat' dir='ltr'>inter</span> <span class='ocrx_word' id='word_1_200' title='bbox 772 3073 804 3112; x_wconf 87' lang='lat' dir='ltr'>se</span> <span class='ocrx_word' id='word_1_201' title='bbox 825 3062 893 3113; x_wconf 86' lang='lat' dir='ltr'>sunt</span> <span class='ocrx_word' id='word_1_202' title='bbox 914 3054 1040 3132; x_wconf 85' lang='lat' dir='ltr'>implexa</span> <span class='ocrx_word' id='word_1_203' title='bbox 1063 3063 1091 3113; x_wconf 91' lang='lat' dir='ltr'>et</span> <span class='ocrx_word' id='word_1_204' title='bbox 1112 3058 1217 3132; x_wconf 82' lang='lat' dir='ltr'>iugata.</span> <span class='ocrx_word' id='word_1_205' title='bbox 1259 3058 1318 3114; x_wconf 92' lang='lat' dir='ltr'>iam</span> 
     </span>
     <span class='ocr_line' id='line_1_28' title="bbox 172 3138 1318 3240; baseline 0.001 -22"><span class='ocrx_word' id='word_1_206' title='bbox 172 3138 174 3143; x_wconf 70' lang='lat'><em>,</em></span> <span class='ocrx_word' id='word_1_207' title='bbox 245 3158 323 3240; x_wconf 90' lang='lat' dir='ltr'>apud</span> <span class='ocrx_word' id='word_1_208' title='bbox 347 3160 504 3219; x_wconf 88' lang='lat' dir='ltr'>Homerum</span> <span class='ocrx_word' id='word_1_209' title='bbox 526 3159 603 3219; x_wconf 89' lang='lat' dir='ltr'>illius</span> <span class='ocrx_word' id='word_1_210' title='bbox 626 3158 780 3219; x_wconf 87' lang='lat' dir='ltr'>verborum</span> <span class='ocrx_word' id='word_1_211' title='bbox 805 3157 915 3219; x_wconf 90' lang='lat' dir='ltr'>ordinis</span> <span class='ocrx_word' id='word_1_212' title='bbox 944 3159 1077 3239; x_wconf 87' lang='lat' dir='ltr'>exempla</span> <span class='ocrx_word' id='word_1_213' title='bbox 1103 3169 1249 3240; x_wconf 78' lang='lat' dir='ltr'>prostant3</span> <span class='ocrx_word' id='word_1_214' title='bbox 1280 3160 1318 3219; x_wconf 83' lang='lat' dir='ltr'>of.</span> 
     </span>
    </p>
   </div>
   <div class='ocr_carea' id='block_1_5' title="bbox 150 3264 468 3344">
    <p class='ocr_par' dir='ltr' id='par_1_13' title="bbox 150 3264 468 3344">
     <span class='ocr_line' id='line_1_29' title="bbox 150 3264 468 3344; baseline 0.003 -23"><span class='ocrx_word' id='word_1_215' title='bbox 150 3288 156 3302; x_wconf 91' lang='lat'><strong>·</strong></span> <span class='ocrx_word' id='word_1_216' title='bbox 244 3264 279 3322; x_wconf 87' lang='lat'>11.</span> <span class='ocrx_word' id='word_1_217' title='bbox 302 3265 320 3323; x_wconf 94' lang='grc' dir='ltr'>Ι</span> <span class='ocrx_word' id='word_1_218' title='bbox 347 3272 402 3327; x_wconf 83' lang='grc'>167</span> <span class='ocrx_word' id='word_1_219' title='bbox 424 3285 468 3344; x_wconf 87' lang='lat' dir='ltr'>sq.</span> 
     </span>
    </p>
   </div>
   <div class='ocr_carea' id='block_1_6' title="bbox 246 3345 1319 3897">
    <p class='ocr_par' dir='ltr' id='par_1_14' title="bbox 246 3345 1319 3897">
     <span class='ocr_line' id='line_1_30' title="bbox 659 3345 1111 3431; baseline 0 -21"><span class='ocrx_word' id='word_1_220' title='bbox 659 3347 715 3430; x_wconf 74' lang='grc' dir='ltr'>ἐγὼ</span> <span class='ocrx_word' id='word_1_221' title='bbox 737 3345 773 3409; x_wconf 80' lang='grc' dir='ltr'>δ’</span> <span class='ocrx_word' id='word_1_222' title='bbox 796 3348 893 3429; x_wconf 79' lang='grc' dir='ltr'><strong><em>ὀλίγον</em></strong></span> <span class='ocrx_word' id='word_1_223' title='bbox 915 3370 947 3408; x_wconf 91' lang='grc' dir='ltr'><strong><em>τε</em></strong></span> <span class='ocrx_word' id='word_1_224' title='bbox 971 3349 1058 3431; x_wconf 75' lang='grc' dir='ltr'><strong><em>φίλον</em></strong></span> <span class='ocrx_word' id='word_1_225' title='bbox 1080 3373 1111 3410; x_wconf 83' lang='grc' dir='ltr'><strong><em>τε</em></strong></span> 
     </span>
     <span class='ocr_line' id='line_1_31' title="bbox 450 3450 827 3536; baseline -0.008 -21"><span class='ocrx_word' id='word_1_226' title='bbox 450 3450 558 3536; x_wconf 75' lang='grc' dir='ltr'><strong><em>ἔρχομ’</em></strong></span> <span class='ocrx_word' id='word_1_227' title='bbox 578 3450 654 3532; x_wconf 52' lang='grc' dir='ltr'>ἔχων</span> <span class='ocrx_word' id='word_1_228' title='bbox 676 3452 722 3514; x_wconf 76' lang='grc' dir='ltr'>ἐπὶ</span> <span class='ocrx_word' id='word_1_229' title='bbox 745 3462 827 3532; x_wconf 75' lang='grc' dir='ltr'><strong><em>νῆας,</em></strong></span> 
     </span>
     <span class='ocr_line' id='line_1_32' title="bbox 246 3537 393 3601; baseline 0.034 -5"><span class='ocrx_word' id='word_1_230' title='bbox 246 3537 311 3597; x_wconf 86' lang='grc' dir='ltr'>ΧΠ</span> <span class='ocrx_word' id='word_1_231' title='bbox 333 3544 393 3601; x_wconf 85' lang='grc'>388</span> 
     </span>
     <span class='ocr_line' id='line_1_33' title="bbox 463 3620 1104 3708; baseline 0.006 -26"><span class='ocrx_word' id='word_1_232' title='bbox 463 3622 499 3708; x_wconf 79' lang='grc' dir='ltr'>ἰῷ</span> <span class='ocrx_word' id='word_1_233' title='bbox 521 3620 718 3701; x_wconf 74' lang='grc' dir='ltr'><strong><em>ἕπεσσυμίνον</em></strong></span> <span class='ocrx_word' id='word_1_234' title='bbox 737 3623 813 3702; x_wconf 77' lang='grc' dir='ltr'><strong><em>βάλε</em></strong></span> <span class='ocrx_word' id='word_1_235' title='bbox 836 3624 946 3703; x_wconf 84' lang='grc' dir='ltr'><strong><em>τείχεος</em></strong></span> <span class='ocrx_word' id='word_1_236' title='bbox 965 3625 1104 3704; x_wconf 74' lang='grc' dir='ltr'><strong><em>ὑψηλοῖο.</em></strong></span> 
     </span>
     <span class='ocr_line' id='line_1_34' title="bbox 247 3727 1319 3810; baseline -0.001 -23"><span class='ocrx_word' id='word_1_237' title='bbox 247 3727 313 3809; x_wconf 86' lang='lat' dir='ltr'>vide</span> <span class='ocrx_word' id='word_1_238' title='bbox 341 3728 468 3789; x_wconf 83' lang='lat' dir='ltr'>Schnorr</span> <span class='ocrx_word' id='word_1_239' title='bbox 493 3750 521 3790; x_wconf 94' lang='lat' dir='ltr'>v.</span> <span class='ocrx_word' id='word_1_240' title='bbox 551 3729 710 3789; x_wconf 84' lang='lat' dir='ltr'>Carolsfeld</span> <span class='ocrx_word' id='word_1_241' title='bbox 738 3752 768 3810; x_wconf 84' lang='lat' dir='ltr'>p.</span> <span class='ocrx_word' id='word_1_242' title='bbox 801 3736 849 3792; x_wconf 86' lang='grc'>81.</span> <span class='ocrx_word' id='word_1_243' title='bbox 905 3740 1054 3810; x_wconf 85' lang='lat' dir='ltr'>praeterea</span> <span class='ocrx_word' id='word_1_244' title='bbox 1082 3732 1191 3810; x_wconf 88' lang='lat' dir='ltr'>inspice</span> <span class='ocrx_word' id='word_1_245' title='bbox 1218 3728 1319 3805; x_wconf 83' lang='lat' dir='ltr'>Apoll.</span> 
     </span>
     <span class='ocr_line' id='line_1_35' title="bbox 246 3832 493 3897; baseline 0.016 -4"><span class='ocrx_word' id='word_1_246' title='bbox 246 3832 342 3894; x_wconf 88' lang='lat' dir='ltr'>Rhod.</span> <span class='ocrx_word' id='word_1_247' title='bbox 364 3834 409 3893; x_wconf 92' lang='lat' dir='ltr'>IV</span> <span class='ocrx_word' id='word_1_248' title='bbox 434 3840 493 3897; x_wconf 85' lang='lat'>530</span> 
     </span>
    </p>
   </div>
   <div class='ocr_carea' id='block_1_7' title="bbox 402 3917 1185 4107">
    <p class='ocr_par' dir='ltr' id='par_1_15' title="bbox 402 3917 1185 4107">
     <span class='ocr_line' id='line_1_36' title="bbox 782 3917 1023 3980; baseline 0.008 -2"><span class='ocrx_word' id='word_1_249' title='bbox 782 3917 893 3979; x_wconf 81' lang='grc' dir='ltr'><strong><em>ὁππότε</em></strong></span> <span class='ocrx_word' id='word_1_250' title='bbox 916 3920 1023 3980; x_wconf 73' lang='grc' dir='ltr'><strong><em>Πυθὼ</em></strong></span> 
     </span>
     <span class='ocr_line' id='line_1_37' title="bbox 402 4009 1185 4107; baseline 0.001 -24"><span class='ocrx_word' id='word_1_251' title='bbox 402 4021 467 4105; x_wconf 78' lang='grc' dir='ltr'><strong><em>ίρην</em></strong></span> <span class='ocrx_word' id='word_1_252' title='bbox 489 4009 673 4104; x_wconf 88' lang='grc' dir='ltr'><strong><em>πεοσάμενος</em></strong></span> <span class='ocrx_word' id='word_1_253' title='bbox 693 4025 857 4102; x_wconf 70' lang='grc' dir='ltr'><strong><em>μετεκίαθε</em></strong></span> <span class='ocrx_word' id='word_1_254' title='bbox 881 4022 974 4104; x_wconf 77' lang='grc' dir='ltr'><strong><em>τῆσδ’</em></strong></span> <span class='ocrx_word' id='word_1_255' title='bbox 996 4024 1071 4107; x_wconf 79' lang='grc' dir='ltr'><strong><em>ὕπερ</em></strong></span> <span class='ocrx_word' id='word_1_256' title='bbox 1092 4026 1185 4103; x_wconf 76' lang='grc' dir='ltr'><strong><em>αὐτῆς</em></strong></span> 
     </span>
    </p>
   </div>
   <div class='ocr_carea' id='block_1_8' title="bbox 401 4130 552 4210">
    <p class='ocr_par' dir='ltr' id='par_1_16' title="bbox 401 4130 552 4210">
     <span class='ocr_line' id='line_1_38' title="bbox 401 4130 552 4210; baseline 0.007 -22"><span class='ocrx_word' id='word_1_257' title='bbox 401 4130 552 4210; x_wconf 80' lang='grc' dir='ltr'><strong><em>ναυτιλίης</em></strong></span> 
     </span>
    </p>
   </div>
   <div class='ocr_carea' id='block_1_9' title="bbox 0 0 1533 4675">
    <p class='ocr_par' dir='ltr' id='par_1_17' title="bbox 0 0 1533 4675">
     <span class='ocr_line' id='line_1_39' title="bbox 0 0 1533 4675; baseline 0 0"><span class='ocrx_word' id='word_1_258' title='bbox 0 0 1533 4675; x_wconf 95' lang='lat' dir='ltr'> </span> 
     </span>
    </p>
   </div>
  </div>
 </body>
</html>
