3034 4675
646 209 860 302 ,ζου-

224 467 228 474 .
306 412 498 472 Posteriorum
514 420 609 469 autem
624 410 811 489 temporibus,
824 409 989 487 ubicunque
1003 409 1057 467 hae
1068 410 1187 468 voculae
1198 410 1293 469 verbis

220 513 390 596 ponderosis
404 492 582 594 separantur,
599 493 702 593 magna
717 524 866 594 poetarum
880 514 997 574 libertas
1019 523 1062 572 est
1083 514 1291 591 cognoscenda.

220 626 296 682 inter
322 641 395 701 quos
427 620 601 697 singularem
633 620 778 686 licentIam
812 620 867 680 sibi
898 621 1028 698 permisit
1058 618 1211 680 Pindarus.
1254 623 1290 681 cf.

220 726 266 791 Ol.
290 732 305 787 I
333 734 364 789 17

409 809 500 870 άλλά
521 809 644 891 Δωρίαν
666 809 725 870 άπὸ
737 807 900 895 ,φόρμιγγα
922 808 1077 869 πασσάλου

423 914 569 995 λάμβανε,
581 916 606 999 ¹)

217 1023 307 1103 Pyth.
328 1023 373 1081 IV
397 1028 436 1086 24
454 1042 497 1101 sq.

492 1123 568 1186 ἁνίκ’
592 1116 726 1207 ἄγκυραν
748 1126 816 1185 ποτὶ
836 1123 1019 1207 χαλκόγενυν

340 1309 346 1316 λ
492 1233 546 1292 ναῒ
563 1228 742 1313 κρημάντῳν
766 1228 914 1292 ἐπέτοσσε.

222 1339 381 1399 subiectum
402 1337 540 1396 insertum
561 1345 604 1395 est
625 1336 712 1415 Pyth.
736 1337 780 1396 IV
805 1342 864 1398 299

415 1440 497 1522 ’πρὸς
518 1439 552 1500 δ’
575 1436 687 1523 ἑταῖροι
710 1441 854 1524 κρατερὸν
877 1428 971 1522 άνδρα
993 1441 1082 1522 ῳίλας

424 1545 534 1629 ὤρεγον
551 1554 665 1628 χεῖρας.

219 1663 307 1733 atque
329 1655 391 1731 ipso
414 1652 502 1711 verbo
524 1652 606 1712 finito
628 1654 767 1711 seiunctio
790 1652 912 1711 efficitur
933 1651 979 1712 01.
1003 1652 1048 1710 Vl
1064 1659 1102 1714 53

1015 1753 1080 1816 ἀλλ’
1104 1755 1134 1816 ἒν

364 1860 510 1942 κέκρυπτο
531 1860 589 1942 γὰρ
609 1860 718 1943 σχοίνῳ
738 1860 848 1947 βατείῳ
869 1857 896 1921 τ’
919 1861 950 1921 ἐν
970 1862 1133 1944 ἀπειράτῳ,

218 1991 286 2031 nam
307 1990 371 2030 cum
392 1968 515 2037 alterurn
535 1965 565 2025 ἓν
579 1966 616 2026 ad
638 1967 847 2027 substantivum
864 1959 1015 2046 ¹pertinere
1035 1969 1122 2046 plane
1143 1978 1289 2047 appareat,

151 2102 154 2106 ·
218 2079 298 2156 prius
319 2092 437 2155 quoque
456 2071 487 2131 ἐν
505 2093 563 2131 non
589 2092 653 2131 cnm
675 2072 779 2145 verbo,
810 2071 859 2131 sed
882 2092 946 2132 oum
969 2072 1064 2132 dativo
1094 2074 1202 2156 σχοίνῳ
1224 2095 1290 2133 eon-

219 2188 339 2260 inngere
360 2186 494 2259 praestat.
533 2178 583 2236 tali
603 2177 756 2236 verborum
779 2178 966 2237 collocatione
986 2199 1051 2237 cum
1071 2181 1185 2257 singula
1205 2200 1311 2250 voca-v

218 2289 295 2363 bula,
311 2297 373 2348 tum
387 2287 512 2345 maxime
526 2302 624 2342 vocem
647 2285 853 2362 interpositam,
877 2285 985 2363 quippe
1005 2304 1080 2364 quae
1101 2288 1164 2364 ipsa
1185 2305 1238 2365 per
1258 2305 1291 2346 se

217 2393 402 2477 percipienda
416 2402 446 2451 et
459 2388 653 2466 intellegenda
667 2393 711 2462 sit,
727 2392 819 2466 magis
834 2390 926 2450 efferri
942 2410 1114 2471 omnemque
1128 2411 1290 2452 sermonem
1327 2412 1329 2416 ·

218 2504 341 2560 existere
360 2499 507 2557 fortiorem
530 2503 559 2553 et
580 2494 727 2555 elatiorem
749 2506 858 2554 certum
880 2505 931 2554 est.
968 2496 1035 2555 vide
1055 2496 1229 2570 Bosslerum,
1252 2496 1290 2556 de

216 2627 316 2686 praep.
339 2625 393 2664 usu
413 2623 460 2682 ap.
484 2600 568 2660 Pind.
591 2602 621 2680 p
646 2606 683 2661 76
704 2621 747 2680 sq.
796 2604 881 2660 etiarn
909 2605 939 2661 in
967 2605 1140 2679 tragicorum
1162 2604 1288 2668 canticis,

216 2731 340 2791 quorum
368 2709 504 2767 orationis
534 2708 613 2765 color
640 2705 678 2764 ad
708 2704 874 2766 audaciores
896 2710 1078 2766 traiectiones
1099 2710 1224 2765 maxime
1246 2717 1290 2766 eet

216 2814 432 2885 accomodatus,
459 2813 508 2870 hic
536 2810 595 2869 illic
623 2811 727 2870 similia
754 2813 903 2890 exempla,
927 2813 1032 2892 quibus
1061 2816 1234 2890 praepositio
1260 2822 1290 2872 et

206 2918 321 2981 'nomen
344 2921 511 2997 interposita
532 2936 602 2976 vooe
621 2918 702 2995 gravi
724 2925 752 2975 et
773 2917 945 2993 significanti
966 2916 1158 2988 divelluntur,
1179 2926 1286 2990 extant,

217 3046 391 3107 quamquam
419 3043 470 3102 pro
497 3041 616 3081 numero
639 3030 778 3080 nontam
799 3022 889 3080 multa
910 3043 997 3102 quam
1019 3022 1096 3102 apud
1119 3022 1286 3081 Pindarum.

216 3133 251 3191 ef.
274 3132 375 3209 Eurip.
398 3129 503 3188 Bacch.
532 3133 587 3189 130

547 3232 629 3312 παρὰ
650 3227 686 3291 δι’
705 3228 878 3309 μαινόμενοι
902 3231 1032 3312 Σάτυροι

461 3333 591 3418 ματέρος
613 3331 792 3406 ἐξανύσαντο
814 3333 936 3415 θιᾶςῖ).

303 3506 323 3570 ¹)
340 3509 381 3557 De
399 3521 476 3555 versu
492 3507 569 3570 Pyth.
587 3507 633 3570 IV,
653 3506 702 3557 228

426 3590 480 3647 daci
499 3597 636 3661 βωλακίας
654 3589 683 3644 ‹l'
704 3589 841 3664 ὀρόγυιαν
860 3597 933 3662 σχίζε
951 3592 1042 3645 υώτον

426 3699 478 3749 ναι

216 3874 300 3924 γυιαν
310 3859 520 3921 coniungendum
531 3873 565 3906 an
575 3872 609 3906 ex
618 3859 742 3907 aliorums
753 3859 915 3921 ententialcf.
924 3860 1077 3908 Piersonum
1087 3860 1115 3908 in
1125 3860 1193 3919 Mus.
1203 3860 1286 3908 Rhen.

215 3946 255 3994 XI
265 3946 323 4009 392,
338 3949 497 4007 Bosslcrum,
510 3948 542 3994 de
557 3960 675 4009 praepos.
689 3962 741 3997 usu
756 3963 797 4010 ap.
808 3949 881 3997 Pind.
896 3964 921 4010 p.
938 3944 980 4009 73)
990 3948 1079 3996 tmesis
1093 3948 1126 3996 sit
1138 3949 1285 4000 statuenda.

303 4031 324 4099 ὓ)
343 4037 419 4086 Certe
437 4037 576 4084 diiudicari
594 4051 647 4085 non
664 4045 759 4100 potest,
779 4052 839 4086 num
860 4037 938 4085 etiam
957 4037 1053 4085 Aesch.
1072 4036 1143 4099 Sept.
1162 4038 1212 4086 924

409 4117 465 4173 ὑπὸ
483 4123 513 4174 δὲ
533 4118 643 4192 σάματι
661 4125 714 4190 γᾶς
732 4125 856 4182 πλοῦτος
873 4118 993 4189 άβνσσος
1011 4125 1089 4176 ἔσται
