3034 4675
657 275 888 340 -172-

240 448 407 508 latissimam
439 454 469 505 et
500 443 716 508 difficultatibus
746 444 825 504 hsud
854 444 1045 505 mediocribus
1075 443 1241 522 impeditam
1273 443 1310 502 de

238 557 350 631 integro
364 552 528 610 instituam.
567 553 635 610 setis
652 553 713 624 erit,
729 553 754 610 si
776 571 811 611 ea
831 561 963 611 accurate
983 549 1212 622 diiudicabimus,
1234 567 1310 630 quae
1346 545 1350 564 ²

238 668 367 720 nostram
388 676 449 716 rem
470 664 600 733 tangant.
636 676 780 732 epponem
802 664 906 729 eutem,
929 664 962 715 ut
981 654 1149 715 subveniam
1170 655 1310 714 lectorum

238 762 405 837 commodo,
435 770 527 822 totum
555 764 746 839 epigramma,
779 759 923 842 quomodo
956 760 1203 838 emendationibus
1234 762 1310 819 veris

240 880 291 930 aut
310 871 371 929 veri
392 867 533 927 similibus
554 876 686 932 senatum
706 886 770 927 esse
790 867 861 926 mihi
883 865 1007 926 videtur.

263 1001 278 1068 1
367 989 429 1051 οἵδε
450 988 567 1070 πάτρας
588 986 644 1068 μὲν
666 988 735 1061 {bruc
756 987 903 1072 σφετέρας
924 986 967 1060 εἷς
988 988 1074 1069 δῆριν
1097 985 1203 1049 ἔθεντο

409 1093 486 1154 ὅπλα
508 1094 559 1154 καὶ
582 1094 753 1155 ἀντιπάλων
774 1094 863 1177 ὕβριν
884 1092 1100 1170 ἀπεσκίδασαν,

365 1198 551 1282 μαρνάμενοι
574 1196 608 1259 d'
632 1201 740 1283 ἀρετῆς
762 1201 812 1260 καὶ
834 1200 977 1280 λήματος,
1000 1201 1053 1260 οὐκ
1076 1196 1211 1259 ἐσάωσαν

408 1305 520 1384 ψυχὰς,
544 1302 610 1366 ἀλλ’
628 1302 729 1386 Ἀίδην
751 1306 849 1367 κοινὸν
871 1304 977 1367 ἔθεντο
997 1307 1124 1394 βραβῆ..

182 1443 194 1478 χ·
263 1418 280 1473 5
368 1409 485 1471 οὕνεκεν
505 1406 664 1490 Ἑλλήνων,
688 1412 729 1484 ὡς
749 1413 792 1491 μὴ
815 1412 901 1493 ζυγὸν
922 1409 1023 1492 αὐχένι
1045 1408 1152 1482 θέντες

410 1515 589 1597 δουλοσύνης
611 1518 758 1599 στυγερὰν
779 1518 875 1600 ἀμφὶς
896 1516 1002 1596 ἔχωσιν
1023 1515 1122 1599 ὓβριν.

366 1629 438 1705 γαΐα
459 1619 492 1682 δὲ
514 1620 623 1703 πάτρις
644 1617 704 1702 ἔχει
726 1620 847 1695 κόλποις
868 1631 929 1683 τῶν
950 1626 1075 1685 πλεῖστα
1096 1613 1254 1701 καμόντων

408 1725 538 1805 λείψαν’,
561 1726 623 1789 ἐπεὶ
645 1730 772 1808 θνητοῖς
794 1725 825 1788 ἐκ
844 1727 919 1800 Διὸς
939 1728 992 1807 ἥδε
1014 1728 1127 1818 κρίσιςῇ

364 1830 459 1912 μηδὲν
480 1834 627 1916 ἁμαρτεῖν
648 1833 710 1894 ε’στι
732 1837 817 1896 θεῶν
839 1834 889 1894 καὶ
911 1833 1011 1894 πάντα
1033 1836 1206 1917 κατορθοῦν

243 1946 280 2001 10
409 1938 439 1999 ἓν
459 1943 549 2023 βιοτῇ
569 1946 679 2022 μοῖραν
701 1936 733 2000 d'
756 1941 821 2000 οὔτι
844 1947 948 2022 φυγεῖν
968 1937 1155 2021 μερόπωνῑ).

242 2089 451 2104 --“’---.

327 2194 348 2257 1)
372 2212 396 2246 v.
418 2200 439 2249 1.
465 2193 543 2249 ἕνεκα
562 2198 656 2263 vulgo,
675 2195 728 2268 μὲν
746 2194 811 2255 inor
829 2198 939 2246 Weilius
958 2222 991 2232 -
1010 2211 1033 2244 v.
1052 2197 1075 2246 3.
1094 2197 1153 2246 libri
1171 2195 1311 2267 δείματος,

239 2285 433 2335 anckenaerus
452 2282 627 2357 1ήματος.-
641 2288 700 2340 aa.
714 2287 826 2354 λείψαν’
840 2286 969 2350 Bergkius
989 2292 1067 2347 recte,
1088 2289 1118 2335 ut
1136 2286 1247 2349 videtur,
1264 2299 1311 2348 pro

242 2369 355 2442 σώματ’,
380 2390 439 2424 cum
466 2377 577 2425 cinerem
601 2383 763 2427 mortuorum
782 2362 903 2425 Ath'enas
926 2390 983 2424 esse
999 2376 1131 2437 portatum
1152 2381 1253 2423 constet
1269 2373 1312 2437 (cf.

240 2463 330 2528 Polyb.
347 2465 371 2513 V
394 2462 441 2526 10).
465 2490 499 2499 -
523 2481 547 2514 v.
571 2468 607 2515 111.
629 2460 763 2535 μερόπων
786 2464 920 2527 Graefius,
943 2465 1004 2514 libri
1029 2462 1120 2528 ἔπορε.
1147 2490 1179 2498 -
1210 2465 1243 2512 de
1260 2464 1313 2512 hoc

242 2553 427 2616 epigrammate
442 2553 469 2601 in
484 2553 662 2603 Athenienses
676 2567 765 2617 pugna
775 2554 809 2601 ad
824 2553 1003 2602 Chaeroneam
1014 2568 1038 2605 a.
1049 2553 1098 2603 338
1110 2554 1181 2601 facta
1195 2562 1312 2602 mortuos

241 2649 305 2705 quot
324 2647 414 2691 extent
432 2642 567 2691 hominurn
586 2644 723 2691 doctorum
742 2645 847 2705 scripta,
866 2643 925 2691 vide
943 2644 1013 2706 apud
1031 2641 1182 2691 Goellerum
1197 2642 1225 2690 in
1243 2622 1313 2690 eom·

239 2731 403 2781 mentatione
423 2732 581 2781 scholastica
599 2734 632 2781 de
650 2732 835 2796 epigrammate
858 2731 1026 2794 anthologiae
1044 2729 1159 2780 Graecae
1175 2729 1312 2797 (Coloniae

243 2818 325 2884 1826),
344 2821 389 2883 qui
406 2828 537 2883 veterum,
557 2828 583 2870 et
600 2822 670 2884 apud
687 2819 828 2882 Bergkium
845 2827 915 2881 poet.
934 2820 984 2884 lyr.
1002 2816 1042 2869 11⁴
1060 2834 1085 2882 p.
1101 2820 1150 2870 331
1172 2833 1242 2882 sqq„
1267 2820 1313 2883 qui

240 2910 413 2958 recentiorum
432 2909 574 2959 sententias
588 2910 725 2959 recensuit.
751 2916 886 2972 praeterea
904 2909 935 2960 cf.
949 2909 1122 2970 Welckerum,
1141 2909 1186 2958 alt.
1199 2910 1312 2959 Denkm.

240 2998 464 3050 versuumn.
494 3001 622 3061 quaedam
641 3014 694 3048 non
713 2999 781 3047 male
800 2999 947 3048 observavit
960 3000 1131 3061 Duentzerus,
1150 2998 1193 3046 die
1210 2998 1309 3047 homer.

240 3089 382 3138 Beiwbrter
399 3102 426 3149 p.
444 3088 553 3138 att-52.
601 3096 711 3150 quorum
735 3088 780 3137 alii
804 3089 961 3149 epigramma
983 3100 1031 3147 pro
1055 3086 1184 3150 genuino,
1201 3087 1246 3136 alii
1264 3101 1312 3150 pro

240 3176 380 3228 subditicio
396 3175 500 3241 hebent,
513 3175 687 3241 Goettlingius
699 3180 870 3229 Demostheni
883 3177 941 3239 ipsi,
957 3181 1026 3225 certe
1042 3174 1147 3238 iniuria,
1167 3176 1313 3239 adscripsit.

181 3315 184 3321 ,
241 3267 367 3317 Kaibelus
389 3263 431 3329 (de
450 3274 676 3316 monumentorum
695 3269 797 3331 aliquot
819 3280 904 3329 graec.
923 3264 1093 3328 carminibus,
1111 3266 1220 3314 Bonnae
1240 3263 1315 3327 1811)

241 3357 382 3418 genuinum
398 3355 558 3418 epigramma
569 3355 617 3403 sibi
630 3356 701 3405 visus
717 3363 756 3405 est
768 3356 923 3419 repperisse,
936 3367 1013 3415 quem
1032 3352 1180 3416 opinionem
1193 3370 1240 3402 suo
1258 3356 1314 3403 iure

242 3446 367 3494 refutavit
378 3443 506 3506 Bergkius
520 3443 538 3490 l.
553 3456 575 3491 c.
603 3443 647 3491 hic
665 3445 778 3494 mediam
792 3445 924 3506 quandam
936 3441 1005 3490 viam
1022 3442 1162 3504 ingressus,
1182 3437 1249 3491 ‘oum
1262 3445 1313 3508 By·

242 3533 339 3582 cautini
361 3532 521 3595 grammatici
545 3531 629 3597 hebes·
646 3532 780 3594 ingenium
803 3530 931 3581 eiusmodi
948 3529 1110 3593 epitaphium
1126 3545 1180 3579 non
1197 3533 1314 3594 potuisse

242 3619 347 3682 fingere'
368 3620 506 3685 videretur,
525 3615 730 3681 ‘grammaticum
749 3622 792 3670 vel
808 3615 946 3669 rhetorem’
963 3620 1071 3683 putabat
1091 3615 1211 3668 ‘Athenis
1230 3629 1310 3670 artem

243 3717 407 3757 exercentem
430 3709 587 3771 epigramma
608 3710 763 3773 inseruisse;
787 3709 861 3758 illum
880 3710 948 3758 enim
963 3711 997 3757 ad
1015 3717 1210 3757 monumentum
1227 3724 1314 3759 acces·

242 3797 307 3846 sisse
326 3805 403 3860 atque
420 3797 524 3846 titulum
543 3799 721 3863 descripsisse,
740 3814 817 3862 quem
835 3814 894 3848 cunr
911 3798 1035 3859 temporis
1052 3797 1147 3846 iniuria
1159 3799 1243 3847 mults
1262 3799 1314 3847 iam

243 3886 354 3935 evanida
377 3897 474 3942 essent,
504 3900 551 3950 pro
575 3888 669 3947 virium
695 3903 801 3937 suarum
824 3888 930 3937 modulo
954 3889 1131 3949 redintegrare
1155 3885 1314 3936 studuisset'.

241 3976 292 4023 hac
314 3975 444 4024 sententia
469 3977 585 4038 probata,
601 3992 655 4026 non
678 3985 718 4026 est
741 3976 906 4025 infitiandum
931 3991 976 4038 ea,
998 3977 1025 4023 in
1046 3977 1138 4037 quibus
1159 3977 1314 4038 interpretes

241 4065 409 4126 offenderint,
431 4064 534 4114 facilem
558 4066 653 4114 habere
680 4065 847 4126 explicatum.
882 4066 975 4114 deinde
993 4065 1015 4119 Ι,
1035 4063 1159 4112 Sitzlerus
1177 4065 1204 4113 in
1224 4066 1310 4112 annal.

242 4153 304 4215 phil.
326 4155 391 4206 1819
411 4170 436 4218 p.
450 4155 498 4205 815
515 4169 553 4216 sq.
579 4169 685 4217 operam
703 4168 778 4202 suam
796 4155 907 4203 contulit
923 4156 956 4201 ad
975 4154 1142 4201 difficultates
1160 4154 1238 4202 huius
1258 4168 1315 4201 car·
1416 4214 1421 4227 ,
