3034 4675
654 308 891 371 —123—

232 479 326 538 Thuc.
350 482 396 541 III
426 483 475 550 90,
507 485 525 538 4
558 477 608 537 nol
636 477 714 556 μετὰ
741 486 831 539 τοῦτο
860 476 1050 538 ἐπελθόντων
1078 476 1105 538 oi
1135 480 1304 558 Μεσσήνιοι

232 591 293 644 τῶν
327 605 358 644 τε
396 579 568 660 Ἀθηναίων
601 582 651 642 καὶ
687 590 748 643 τῶν
784 582 949 662 ’ξυμμάχων
984 581 1217 664 προσεχώρησαν
1252 585 1302 644 καὶ

235 687 330 749 αὐτοί.
375 689 410 747 cf.
435 685 487 747 Ov.
511 695 578 746 met.
598 691 658 750 XII
681 695 741 753 536
766 709 829 770 sqq.

342 794 414 857 ltoec
434 794 514 856 inter
535 790 688 875 Lapithas
711 806 738 856 et
760 793 969 856 semihomines
992 791 1160 857 Centauros

335 898 460 983 proelia
484 896 675 981 Tlepolemus
696 897 787 980 Pylio
807 902 955 975 referente
977 898 1113 961 dolorem
1165 910 1169 918 '

334 1001 498 1087 praeteriti
519 1002 647 1065 Alcidae
668 1003 759 1065 tacito
782 1023 843 1065 non
857 1004 988 1087 pertulit
1010 1024 1071 1067 ore.

235 1112 320 1169 etiam
331 1108 415 1167 Plato
426 1107 588 1187 hyperbato
600 1109 661 1167 sius
670 1109 784 1184 generis
795 1107 880 1167 valde
894 1108 1028 1167 insolenti
1043 1127 1111 1167 usus
1125 1116 1168 1167 est
1178 1108 1303 1170 Phaedr.

234 1236 263 1295 p.
288 1220 377 1277 essa
398 1212 548 1273 τοσούτων
576 1219 677 1272 κακῶν
699 1212 749 1271 καὶ
780 1208 823 1272 ἔτι
845 1209 976 1272 πλεόνων
998 1212 1075 1272 κατὰ
1096 1213 1150 1292 τὴν
1172 1212 1306 1274 διάνοιαν

235 1318 363 1401 ἐραστὴν
378 1314 517 1400 ἐρωμένῳ
538 1315 653 1397 ἀνάγκη
672 1315 851 1398 γιγνομένων
872 1337 904 1376 τε
926 1317 976 1376 καὶ
996 1305 1305 1399 pracanensium

140 1429 142 1434 ’
234 1423 290 1502 μὲν
308 1422 451 1503 ἥδεσθαι,
474 1423 513 1483 τὰ
536 1423 568 1484 de
590 1421 827 1505 παρασαεαάζειν
840 1420 859 1502 ἢ
874 1420 1036 1503 στέρεσθαι
1059 1424 1113 1483 τοῦ
1134 1423 1306 1504 παραυτίκα

235 1527 327 1608 ἡδέος.
357 1529 512 1589 verborum
534 1530 610 1588 enim
632 1527 702 1588 ordo
723 1531 849 1588 traiectis
871 1526 999 1608 ἐραστὴν
1020 1526 1134 1609 ἀνάγκη
1155 1530 1305 1609 paululum

235 1634 399 1715 impeditior
421 1643 464 1694 ost
485 1634 592 1710 factus3
623 1632 696 1693 illud
717 1642 813 1694 autem
836 1630 964 1715 ἐραστὴν
984 1639 1052 1692 ante
1071 1629 1199 1716 ἐρομένῳ
1214 1644 1305 1694 nens·

234 1743 359 1819 positum
382 1749 425 1799 est
446 1759 463 1798 e
484 1747 553 1798 noto
571 1739 623 1798 illa
641 1739 806 1816 linguarum
827 1742 1011 1819 antiquorum
1032 1737 1247 1811 consuetudine,
1273 1747 1306 1799 ut

234 1846 322 1906 verbo
344 1845 420 1905 idem
441 1847 572 1904 sonantis
592 1853 621 1904 et
641 1843 739 1922 aliquo
763 1843 848 1905 modo
870 1844 925 1904 sibi
947 1846 1089 1904 contrario
1110 1846 1192 1903 iuxta
1211 1847 1305 1924 posits

234 1953 327 2010 acrius
349 1953 380 2009 in
396 1970 480 2010 eures
494 1949 599 2009 cedant
613 1948 692 2031 (vido
707 1947 909 2010 Heindorfium
923 1971 949 2009 o.
966 1950 995 2009 h.
1011 1950 1054 2030 1.).
1083 1953 1114 2008 in
1134 1951 1215 2028 poesi
1236 1968 1303 2008 voro

235 2056 372 2131 membro,
399 2076 475 2136 quae
504 2054 542 2114 od
571 2057 810 2115 constructionem
838 2057 982 2135 participii
1003 2054 1128 2115 absoluti
1149 2056 1302 2134 pertinent,
1367 2085 1369 2092 ι

234 2181 443 2241 nonnunquam
470 2159 616 2224 liberrime
642 2158 779 2219 distracto
808 2171 837 2220 et
858 2180 911 2239 per
931 2160 1002 2219 olias
1027 2161 1187 2219 sententiae
1208 2168 1304 2239 partes

235 2265 423 2326 audacissime
445 2264 586 2347 discerpta
608 2267 802 2325 inveniuntur.
846 2268 882 2324 cf.
906 2266 977 2328 Hor.
1001 2264 1085 2347 epod.
1114 2271 1138 2338 1,
1165 2273 1181 2327 5
1204 2284 1246 2344 sq.

402 2373 476 2458 qnid
497 2369 576 2436 nos?
612 2372 721 2456 quibus
743 2381 771 2434 te
791 2372 854 2435 vito
875 2373 914 2435 sit
936 2373 1095 2457 superstite

402 2477 545 2552 ineundo,
567 2478 595 2541 si
615 2489 723 2541 eontra
742 2476 864 2560 prooem

237 2586 304 2643 ‘vita
320 2582 366 2645 sit’
379 2583 553 2663 Meinokius,
575 2582 805 2662 Peerlkampius,
827 2582 876 2642 alii
897 2586 1072 2665 scripserunt
1093 2603 1145 2664 pro
1169 2583 1238 2641 ‘vita
1258 2580 1302 2653 si'‚

136 2716 140 2721 ·
235 2690 476 2749 constuctionem
503 2690 594 2765 magis
619 2687 774 2747 dilucidam
797 2687 965 2765 efficientss3
999 2687 1077 2769 quod
1098 2696 1195 2748 nutem
1216 2685 1305 2745 verba

237 2799 305 2854 ‘vito
326 2795 371 2854 sit'
401 2795 605 2854 constructioni
626 2793 745 2853 ablativi
775 2793 898 2853 absoluti
926 2793 1121 2866 intercedunt,
1152 2812 1198 2865 ea,
1229 2810 1305 2871 quae

234 2909 302 2960 sunt
331 2900 488 2973 contrario,
521 2908 582 2957 erte
609 2906 792 2961 concurrunt.
843 2902 968 2959 maxime
996 2898 1116 2960 Ovidius
1145 2896 1231 2956 talem
1253 2898 1303 2955 im·

235 3006 368 3086 plicatam
391 3004 544 3065 verborum
565 3005 668 3063 scriem
689 3005 810 3079 amavit3
833 3004 868 3062 cf.
890 3004 951 3063 her.
973 3009 1045 3068 XVI
1068 3009 1107 3065 96

440 3119 564 3194 enoepto
584 3109 665 3172 redii
682 3130 780 3191 possa
800 3109 907 3171 timore
928 3110 1023 3180 nihil,-

236 3226 265 3276 et
285 3194 451 3293 longissime
475 3216 613 3295 processit
634 3211 709 3272 idem
733 3221 800 3271 met.
824 3217 897 3277 VIlI
921 3220 981 3276 733
1026 3214 1065 3276 ab
1085 3235 1146 3277 uno

384 3321 478 3384 edidit
500 3321 575 3383 horo
597 3329 690 3402 rapta
712 3319 876 3382 sceleratus
897 3319 991 3382 rerba
1013 3318 1119 3384 securi.

218 3429 333 3504 -itsque
354 3424 428 3484 nihil
451 3425 538 3486 habet
560 3423 638 3504 quod
661 3424 855 3505 reprehendas
869 3423 1002 3502 Diltbeyi
1024 3427 1194 3495 coniectura,
1218 3444 1305 3504 quam

235 3533 266 3590 in
288 3529 382 3590 indice
402 3531 480 3590 lectt.
503 3530 565 3595 hib.
587 3531 668 3597 Gott.
694 3529 828 3593 1884l85
851 3552 880 3610 p.
909 3536 954 3590 to.
999 3532 1161 3611 proposuit,
1191 3550 1305 3590 versum

235 3635 422 3717 depravatum
452 3655 506 3695 nec
528 3634 597 3695 dum
618 3657 636 3695 a
657 3655 804 3715 quoquam
826 3645 904 3694 recte
923 3635 1087 3715 expeditum
1109 3634 1170 3694 her.
1192 3637 1265 3698 XIX
1286 3643 1303 3696 3

235 3743 275 3800 itu
297 3741 454 3802 emendans

411 3870 469 3932 qno
490 3828 574 3910 mens
597 3858 640 3909 est
658 3847 722 3910 ullo
741 3858 832 3929 purte
853 3847 969 3909 dolente
992 3846 1088 3913 dolor.
1149 3844 1151 3849 ’

236 3955 379 4012 sententis
411 3961 454 4012 est
485 3950 712 4011 commodissima
741 3971 838 4031 neque
869 3951 952 4010 aliter
985 3954 1101 4011 omnino
1135 3957 1212 4009 recto
1247 3950 1306 4009 talo

235 4059 391 4118 consistere
421 4066 516 4138 potest
546 4065 575 4116 et
603 4061 697 4137 specie
724 4060 890 4117 mutationis
919 4055 991 4115 illud
1022 4058 1096 4135 ‘quo’
1124 4057 1184 4114 veri
1206 4062 1250 4114 est
1270 4056 1306 4114 si·

234 4163 394 4223 millimnm.
