3034 4675
652 203 715 305 ,μ
756 254 798 318 36
841 219 901 302 β,

242 423 349 500 legitur
370 444 528 503 pronomen
551 426 627 498 eius,
659 427 709 505 qui
738 424 900 508 invocatur)
925 424 959 483 cf.
983 424 1078 483 Plaut.
1102 400 1181 484 Men.
1196 426 1225 484 V
1251 436 1277 500 7,
1298 435 1318 490 ἶ

237 550 299 613 pen
328 550 381 612 eqo
410 530 496 593 vobis
524 532 595 594 deos
625 541 714 616 eique
743 530 880 594 homines
911 531 994 604 dico,
1026 529 1079 590 Ov.
1110 532 1173 594 fast.
1199 534 1229 593 II
1253 537 1311 594 841

241 656 300 718 pen
330 634 386 697 tibi
414 656 467 718 eqo
493 635 571 697 bunc
602 635 671 697 itero
701 639 812 713 fortem
841 649 1014 721 aestumque
1045 635 1209 716 creonam).
1259 637 1321 696 hoc

243 738 329 800 modo
359 741 499 818 oppositio
528 742 641 815 exist't3
671 743 754 801 iuxta
782 751 929 821 ponuntur
955 744 1125 820 pronomina
1152 742 1315 820 personalia

244 856 273 907 et
294 866 337 922 eo,
361 844 440 925 quod
461 843 599 903 dirimunt
619 845 759 906 vocabula
784 856 847 905 arte
866 847 1071 950 'cohaerentim
1101 849 1191 905 oratio
1213 848 1320 906 fortior

244 961 273 1011 et
294 952 434 1011 efficacior
456 949 559 1010 evadit
594 952 714 1028 insignis
735 962 831 1011 autem
852 952 970 1010 libertas
993 960 1022 1010 et
1042 950 1162 1011 audacia
1184 955 1225 1012 eis
1244 954 1320 1011 locis

244 1064 379 1136 apparet,
410 1055 515 1135 quibus
543 1057 618 1114 inter
645 1059 886 1136 praepositionem
914 1060 1034 1135 eiusque
1055 1077 1149 1116 casum
1179 1060 1320 1117 traiectus.

242 1173 287 1222 est
308 1147 484 1238 accusativus
504 1162 695 1238 pronominis,
719 1182 778 1241 qua
799 1166 1025 1240 transgressione
1046 1162 1203 1222 obscuritas
1225 1182 1317 1242 quae·

245 1267 310 1326 dam
340 1266 479 1325 sermonis
506 1264 645 1341 efficitur3
676 1287 744 1326 nam
773 1288 836 1327 cum
865 1271 945 1346 prior
972 1270 1149 1327 accusativus
1171 1267 1209 1326 ad
1234 1287 1318 1347 prae--

243 1375 414 1452 positionem
446 1371 545 1429 referri
576 1374 665 1450 possit
694 1375 806 1432 ratione
838 1373 938 1433 habita
964 1373 1072 1432 formae
1102 1376 1318 1451 grammaticae,

243 1490 340 1539 tamen
370 1477 511 1536 sententia
540 1476 681 1555 postulat,
710 1486 743 1537 ut
770 1481 944 1558 praepositio
974 1498 1039 1537 cum
1068 1481 1218 1538 remotiore
1247 1499 1319 1537 casu

243 1587 441 1660 coniungatur.
476 1600 535 1639 non
558 1580 630 1641 libet
650 1603 811 1663 proponere
833 1583 965 1662 exempla
986 1582 1116 1662 undique
1137 1586 1319 1662 conquisita;

242 1689 442 1750 adscribantur
474 1686 578 1745 selecta
607 1686 692 1762 haec,
733 1689 801 1747 Ter.
826 1686 904 1747 And.
928 1688 958 1747 V
984 1695 1017 1761 l,
1053 1696 1087 1751 15
1113 1708 1175 1773 pen
1203 1709 1256 1771 eqo
1287 1700 1313 1750 te

244 1798 319 1860 deos·
340 1815 411 1866 ονο,
442 1791 511 1850 Tib.
535 1795 601 1867 15,
626 1798 642 1853 7
666 1812 709 1872 sq.
735 1815 796 1877 pen
823 1803 851 1855 ie
871 1793 982 1874 furtivi
1001 1792 1126 1873 foedera
1147 1793 1230 1875 lecti,
1255 1815 1321 1877 pen

248 1900 395 1963 Venerem
414 1917 524 1982 qaaeso
540 1898 799 1982 compositumque
811 1909 912 1981 caput,
937 1896 976 1957 id.
993 1898 1039 1957 IV
1054 1905 1081 1972 5,
1100 1905 1127 1972 7,
1152 1899 1327 1961 Oiris273s1

242 2025 338 2086 neque
368 2006 520 2082 scriptores
547 2001 623 2060 hanc
638 1999 866 2063 'collocationem
896 2012 1081 2083 spreverunt,
1111 2012 1144 2063 ut
1171 2006 1318 2083 poeticum-

243 2110 388 2193 quendam
417 2111 555 2187 impetum
581 2108 747 2168 affectarent
775 2117 803 2167 et
835 2109 920 2168 altius
952 2119 1149 2186 assurgerent3
1183 2110 1217 2167 cf.
1248 2110 1318 2170 Liv.

242 2215 388 2278 XXXIII
408 2221 425 2277 9
451 2235 511 2297 pen
536 2234 590 2295 eqo
609 2224 644 2292 te,
658 2213 720 2295 fili,
744 2236 936 2299 quaeeunque
962 2215 1033 2277 iura
1055 2215 1166 2278 liberos
1188 2215 1320 2298 ianpunt‘

237 2321 437 2410 ponentibus,
463 2340 576 2404 precor
603 2340 787 2404 quaesoque,
833 2320 921 2398 Apul.
944 2329 1014 2387 met.
1034 2320 1079 2380 IV
1108 2328 1144 2382 31
1173 2343 1232 2405 pen
1261 2343 1319 2404 eqo

242 2442 279 2505 te,
301 2429 408 2514 inquit,
431 2435 587 2488 maternae
610 2425 747 2488 caritatis
770 2427 896 2503 foedera
911 2428 1059 2510 deprecor
1080 2435 1109 2486 et
1130 2425 1200 2487 ibid.
1216 2428 1262 2486 VI
1285 2433 1317 2488 2.

241 2536 386 2616 propriam
407 2540 503 2591 autem
526 2539 555 2589 et
566 2529 740 2608 peculiarem
754 2530 901 2589 licentiam
919 2530 974 2591 sibi
992 2535 1123 2610 permisit
1136 2532 1319 2612 Lygdamus,

240 2640 309 2700 Tib.
333 2644 379 2702 III
406 2645 431 2711 l,
459 2646 493 2699 15
511 2656 554 2716 sq.

385 2754 447 2830 p'en
468 2764 531 2817 oos,
555 2752 701 2815 auctores,
723 2740 813 2802 baius
835 2741 911 2803 milii
931 2742 1086 2818 carminis,
1110 2763 1165 2804 oro

433 2847 657 2932 Castaliamque
678 2845 822 2908 umbram
842 2845 1020 2931 Pieriosque
1042 2846 1134 2911 loeus.

241 2978 309 3017 nam
345 2964 546 3035 praeterquam
580 2950 658 3031 quod
697 2951 855 3028 longiorem
891 2954 1100 3029 appositionem
1134 2960 1163 3010 et
1193 2952 1317 3012 verbum

241 3063 361 3123 finitum
376 3059 462 3121 simul
481 3061 665 3137 interponere
686 3077 746 3116 non
764 3055 966 3130 reformidavit,
983 3057 1037 3117 hoc
1058 3057 1120 3116 loco
1141 3056 1319 3134 ambiguitas

241 3178 363 3246 augetur
381 3164 522 3246 particula
545 3165 631 3242 ‘que',
655 3181 731 3241 quae
751 3163 842 3239 priori
860 3166 1020 3222 accusativo
1042 3184 1060 3223 a
1083 3162 1151 3241 ‘per’
1175 3162 1317 3241 pendenti

241 3274 340 3333 addita
361 3280 412 3346 est,
435 3274 476 3330 ita
496 3278 530 3329 ut
549 3269 651 3328 leviter
671 3286 771 3326 versus
793 3266 953 3344 perlegenti
972 3269 1044 3328 haec
1064 3268 1205 3347 particula
1226 3289 1314 3347 copu-

240 3381 330 3439 lativa
350 3398 409 3437 uon
431 3376 524 3435 solum
546 3374 668 3434 alterurn
692 3372 766 3451 ‘que'
791 3373 950 3450 respicere,
972 3373 1023 3434 sed
1044 3377 1130 3434 etiam
1152 3375 1318 3432 accusativo

242 3484 309 3544 ‘vos'
333 3483 456 3541 alterum
484 3484 676 3542 accusativum
703 3481 858 3542 adnectere
885 3477 1025 3538 videatur.
1070 3479 1191 3539 similem
1212 3480 1314 3537 traiec-

240 3593 346 3649 tionem
375 3586 556 3646 statuendam
585 3607 648 3647 esse
674 3589 705 3646 in
734 3588 808 3648 Ciris
837 3584 967 3645 versibus
999 3590 1059 3648 324
1074 3605 1138 3665 sqq.
1161 3592 1236 3643 recte
1257 3582 1317 3642 Sil—

239 3696 324 3773 ligius
345 3695 479 3770 cognovit

326 3815 374 3878 sin
397 3824 440 3877 est
461 3817 543 3899 qaod
564 3826 673 3890 meno,
694 3836 752 3899 pen
774 3827 811 3888 te,
833 3834 900 3875 mea
927 3813 1061 3887 alamno,
1083 3821 1226 3895 tuamque

326 3931 484 4005 aspertum
507 3920 610 3983 meltis
631 3920 760 3982 miserae
782 3918 857 3980 mibi
877 3917 969 3979 nebus
991 3936 1136 3988 arnonem,

319 4049 381 4115 pen
403 4037 440 4109 te,
462 4047 562 4102 saeva,
582 4046 695 4109 precor
711 4046 774 4107 per
795 4023 913 4086 lemine
935 4032 963 4084 et
984 4020 1138 4103 ilithyiae,

326 4154 362 4195 ne
385 4142 502 4194 tantam
521 4131 553 4193 in
574 4129 694 4211 focinus
718 4141 782 4191 tem
802 4129 887 4191 nulla
907 4140 1004 4191 mente
1025 4126 1149 4203 feraris.
