3034 4675
1307 288 1776 352 —152—

477 476 720 533 magnus
759 459 1002 517 orationi
1046 456 1264 517 accedit
1304 460 1500 535 vigor,
1566 478 1695 518 cum
1752 457 2030 517 vocabula
2082 468 2207 517 arte
2253 458 2619 519 cohaerentia

475 564 833 646 seiunctione
845 562 1237 623 vehementius
1253 564 1564 623 efferantur
1586 572 1645 622 et
1663 566 2125 643 pronuntientur.
2149 567 2494 644 posteriores
2510 565 2618 623 hac

477 670 924 749 transpositione
955 671 1183 748 saepius
1218 671 1304 728 uti
1338 677 1777 742 consueverunt,
1822 688 1952 727 cum
1994 669 2399 730 vocabulorum
2437 669 2621 729 libere

478 772 969 854 disponendorum
1013 773 1250 832 facultas
1278 776 1468 834 versui
1503 772 1961 834 commoditatem
1996 783 2054 833 et
2088 774 2394 834 elocutioni
2437 794 2620 853 quan-
2644 800 2648 804 ·

479 878 612 937 dam
650 881 965 959 quaesitam
1004 877 1344 955 elegantiam
1380 879 1699 961 praeberet.
1754 878 1823 938 cf.
1861 874 2104 939 Nicand.
2135 879 2313 939 Ther.
2355 885 2469 940 190
2488 899 2617 959 sqq,

609 1045 622 1062 .
658 1003 950 1082 ῗχνεύμων
992 999 1067 1063 δ’
1109 1003 1231 1085 ἄρα
1271 1014 1489 1083 μοῦνος
1534 1004 1780 1086 ἀκήριος
1823 1002 2071 1075 ἀσπίδος
2114 1002 2304 1085 ὁρμὴν

566 1165 572 1172 .
647 1106 798 1187 ἠμὲν
840 1102 931 1168 ὅτ’
984 1107 1044 1180 ἐς
1084 1107 1290 1187 μόθον
1333 1102 1500 1183 εἶσιν,
1548 1109 1839 1180 ἀλεύεται,
1886 1098 1987 1187 ἠδ’
2037 1108 2134 1169 ὅτε
2178 1109 2366 1190 λυγρὰ

648 1213 1001 1292 θαλπούσης
1043 1211 1213 1295 ὄφιος
1252 1213 1620 1297 κηριτρόφου
1664 1213 1785 1290 ὤεα
1825 1214 1967 1297 γαίῃ

649 1317 848 1378 πάντα
887 1318 1255 1398 διεσκήνιψε,

477 1424 638 1483 anth.
684 1424 850 1483 Plan.
908 1431 1022 1488 145

1272 1509 1403 1570 οἵαν
1446 1508 1517 1571 δέ
1554 1532 1619 1571 σε
1666 1507 1908 1587 Βάκχος
1949 1507 2205 1589 ἐραστὰς

888 1607 1042 1674 εἶδεν
1083 1612 1232 1696 ὑπὲρ
1276 1614 1514 1697 πέτρας,
1563 1612 1745 1689 ἔξεσε,
1791 1611 2139 1692 κεκλιμέναν
2155 1614 2232 1696 ¹),

477 1733 672 1795 Noun.
718 1734 893 1792 Dion.
939 1738 1059 1796 XX
1108 1739 1228 1796 378
1270 1753 1356 1814 sq.

732 1836 1101 1917 Λευκοθέης
1145 1836 1237 1918 ἔχε
1284 1839 1462 1917 δῶμα
1503 1838 1876 1921 βαθύρροον,
1924 1835 2111 1898 εῗσόκε
2156 1835 2376 1897 πόντου

737 1941 846 2002 καί
883 1964 947 2003 σε
984 1944 1082 2003 καὶ
1130 1944 1198 2003 ὃν
1241 1941 1535 2020 καλέουσι,
1579 1942 1957 2022 μεταστήσω,
2004 1940 2403 2025 Μελικέρτην,

480 2081 596 2140 quo
653 2062 779 2121 loco
836 2072 1093 2123 extremo
1151 2083 1363 2123 nomen
1418 2066 1717 2145 proprium
1772 2082 1901 2121 cum
1956 2064 2013 2121 vi
2077 2064 2137 2121 in
2201 2081 2399 2121 versus
2465 2061 2626 2121 exitu

479 2168 730 2246 positum
795 2177 897 2227 est.
982 2178 1044 2227 at
1106 2189 1182 2228 ne
1242 2178 1426 2228 totum
1492 2166 1731 2248 quidem
1796 2169 2153 2227 enuntiatum
2220 2175 2320 2226 aut
2383 2155 2624 2226 uerbum

479 2271 706 2330 finitum
747 2292 877 2332 cum
922 2293 1026 2333 suo
1072 2273 1294 2334 obiecto
1339 2276 1659 2333 sententiae
1706 2274 1910 2332 minori
1954 2270 2248 2332 inc-ludere
2289 2271 2375 2330 illi
2418 2281 2625 2353 poetae

479 2376 940 2439 reformidarunt.
1047 2379 1150 2438 tali
1215 2383 1438 2439 ratione
1494 2377 1788 2439 Nicander
1843 2386 2186 2437 structuram
2249 2379 2625 2438 conformavit

479 2482 652 2543 Alex,
694 2491 803 2544 ¹15
839 2503 927 2562 sq.

680 2613 684 2616 ⁴
734 2586 820 2667 μὴ
863 2585 991 2665 μέν,
1038 2589 1411 2672 κανθαρίδος
1450 2586 1777 2669 σιτηβόρου
1822 2581 1943 2647 εὖτ’
1989 2583 2063 2646 ἂν
2106 2582 2324 2669 ὀδώδῃ,

736 2701 893 2753 κεῖνο
937 2693 1121 2754 ποτὸν
1164 2693 1414 2771 δέξαιτο,
1454 2696 1621 2779 χυτῇ
1665 2692 1964 2773 ἐναλίγκια
2009 2691 2209 2774 πίσσῃ.

483 2832 786 2892 quousque
827 2820 1022 2871 autem
1053 2807 1462 2888 processerint,
1510 2813 1758 2872 illustrat
1797 2810 2201 2890 Lycophronis
2245 2810 2403 2870 locus
2446 2812 2621 2871 Alex.

492 2923 640 2980 1431
690 2938 718 2977 s
806 2963 818 2976 .

721 2938 801 2998 qq
901 3013 1086 3090 αὖθις
1130 3015 1581 3095 παλιμπλώτοιο
1626 3017 1899 3098 γεύσεται
1946 3023 2154 3098 φυγῆς,

902 3122 1178 3202 μόσσυνα
1219 3120 1642 3205 φηγότευκτον,
1690 3121 1773 3192 ὡς
1816 3120 2115 3197 λυκοψίαν

901 3227 1050 3310 κόρη
1094 3228 1400 3310 κνεφαιάν,
1446 3227 1585 3307 ἄγχι
1627 3222 2132 3306 παμφαλώμενος,

895 3331 1258 3415 χαλκηλάτῳ
1301 3329 1588 3392 κνώδοντι
1636 3327 2089 3409 ὁέιματουμένη.

657 3549 699 3614 1)
732 3555 795 3602 In
832 3555 1216 3617 epigrammatis
1248 3555 1392 3603 anth.
1430 3553 1544 3601 Pal.
1571 3551 1649 3600 IX
1687 3554 1804 3615 40⁰,
1846 3553 2067 3601 fortasse
2104 3551 2347 3600 Palladae
2385 3551 2625 3601 Alexan-

485 3641 621 3690 drini
655 3642 889 3692 versibus
931 3645 952 3693 1
983 3657 1059 3705 sq.

862 3718 997 3779 ὅταν
1031 3727 1218 3790 βλέπω
1255 3740 1330 3788 σε,
1367 3724 1683 3794 προσκυνῶ,
1720 3725 1814 3774 καὶ
1849 3722 2218 3789 roias-*Myous

861 3812 957 3876 τῆς
989 3814 1282 3880 παρθένου
1317 3805 1416 3862 τὸν
1453 3807 1607 3861 οἶκον
1647 3803 1901 3878 οἶστρεῖον
1937 3809 2159 3873 βλέπων

488 3898 779 3946 Brunckius
838 3897 928 3948 ‘ad
979 3894 1184 3968 λόγους
1231 3915 1299 3948 ex
1343 3898 1501 3947 verbo
1548 3899 1735 3962 βλέπω
1780 3912 1873 3961 per
1918 3911 2135 3959 zeugma
2177 3897 2357 3945 addito
2408 3897 2627 3948 verbum

487 3978 674 4036 ἀκούω
701 3984 1080 4037 assumendum’
1111 4002 1224 4038 esse
1255 3987 1472 4048 censuit,
1508 3988 1585 4036 ita
1618 3995 1675 4035 ut
1709 3983 2003 4056 προσκυνῶ
2039 3985 2310 4034 traiectum
2347 3993 2497 4036 esset.
2535 3989 2629 4035 sed

485 4074 554 4122 de
592 4077 978 4125 constructione
1016 4092 1123 4131 non
1159 4076 1283 4125 satis
1311 4083 1551 4125 constare
1574 4076 1804 4140 videtur3
1841 4074 1995 4124 aliter
2021 4073 2241 4121 Bothius
2278 4087 2395 4121 cum
2422 4071 2629 4134 GrotiO,

486 4161 639 4210 aliter
674 4165 830 4214 ceteri
868 4167 996 4214 haec
1030 4166 1185 4213 verba
1225 4165 1522 4213 iunxerunt.
