3034 4675
660 278 875 341 -24-

234 452 288 507 sita
308 457 337 507 et
359 449 425 508 huic
441 448 503 506 loco
519 447 783 508 accomodatissima
804 458 847 508 est
861 441 1013 507 verborum
1036 446 1183 528 dispositio
1206 448 1304 509 durior
1357 451 1363 460 '

233 563 263 613 et
284 553 455 633 impeditior.
485 549 553 613 nam
573 556 615 640 in,
625 553 746 613 acutulis
769 553 895 613 dicteriis
917 573 960 627 ea,
987 573 1062 633 quae
1084 554 1139 613 sibi
1160 558 1304 613 contraria

233 667 308 732 sunt,
330 669 391 719 arte
404 661 560 719 consociari
583 668 612 717 et
626 658 680 717 hac
694 662 757 738 ipsa
773 662 960 739 'oppositione
973 662 1065 737 magis
1080 661 1111 715 in
1124 657 1303 718 audientium

234 767 345 824 animos
366 774 518 844 penetrare
539 763 642 828 solent.
677 764 907 844 itaque‘densae
935 764 1083 824 brevitatis
1112 773 1142 821 et
1162 762 1303 822 rotundae

231 873 389 929 venustatis
416 868 541 930 studium
567 869 624 928 tale
653 870 837 948 hyperbaton
867 873 989 949 peperit.
1032 889 1092 928 non
1121 870 1221 928 inutile
1250 871 1303 928 erit

232 976 407 1053 epigramma
429 974 616 1033 christianiae
637 976 695 1033 huc
715 972 858 1034 adducere
882 974 1011 1054 (Kaibel.
1027 996 1071 1035 nr.
1091 973 1175 1055 757),
1199 976 1229 1033 in
1243 994 1301 1053 quo

233 1077 301 1137 inde
319 1098 337 1137 a
358 1099 384 1136 r.
410 1086 427 1141 9
452 1079 523 1138 haec
545 1087 677 1138 exstant:

233 1335 304 1396 legat
322 1335 350 1383 in
368 1348 480 1383 errorent
501 1342 527 1384 et
543 1350 692 1396 perversam
711 1335 931 1384 constructionem
948 1337 1079 1399 trahatur,
1097 1336 1206 1385 diversis
1226 1338 1302 1387 huius

234 1422 460 1471 commentationis
479 1424 543 1473 locis
564 1424 731 1487 comparebit.
765 1435 835 1472 rrunc
853 1426 905 1473 dno
923 1426 1060 1473 dumtaxat
1081 1426 1201 1487 exempla
1219 1428 1303 1488 profe·

233 1526 296 1573 ram,
317 1512 410 1574 quibus
429 1511 508 1560 simili
525 1513 626 1561 ratione
646 1514 853 1577 praedicativum
872 1521 913 1561 est
929 1515 1072 1563 traiectum.
1099 1513 1188 1575 itaque
1205 1514 1304 1577 inspice

233 1600 316 1649 Thuc.
335 1601 396 1660 VII,
417 1601 458 1662 57,
473 1601 501 1651 8:
520 1602 567 1649 καὶ
586 1598 627 1651 ἔτι
644 1604 803 1670 Μεγαρέων
822 1595 949 1669 φυγάδες
967 1599 1000 1651 οὐ
1019 1602 1121 1652 πολλοὶ
1140 1605 1304 1674 Μεγαρεῦσι

233 1691 439 1746 Σελινουντίοις
468 1680 530 1739 οὖσι
560 1684 630 1739 κατὰ
660 1684 808 1759 ξυμφορὰν
838 1683 985 1758 ἐμάχοντο,
1015 1691 1059 1739 ubi
1094 1693 1303 1754 coniungendam

232 1785 272 1828 est
288 1778 493 1833 Σελινουντίοις
510 1780 676 1845 Μεγαρεῦσι
694 1771 757 1829 οὖσι
777 1775 923 1848 ἐμάχοντο.
958 1794 1010 1840 qua
1029 1781 1139 1829 notabili
1165 1782 1303 1830 verborum

231 1866 404 1915 collocatione
431 1865 524 1913 mirum
542 1865 617 1928 illud,
646 1868 715 1927 quod
740 1869 907 1929 Megarenses
934 1882 991 1915 cum
1015 1868 1215 1929 Megarensibus
1241 1886 1302 1920 con·

230 1955 311 2017 gressi
344 1963 417 2013 sunt,
447 1954 530 2015 magis
550 1955 664 2008 offertur.
695 1958 728 2005 de
757 1958 840 2006 altero
867 1964 953 2005 autern
980 1958 1099 2019 exemplo
1126 1959 1198 2007 locus
1226 1962 1303 2009 datur

231 2043 403 2106 dubitationi3
436 2058 488 2090 non
513 2050 600 2091 tamen
625 2051 650 2091 te
676 2044 767 2094 celabo
791 2048 860 2108 quod
885 2047 995 2108 repetita
1016 2046 1140 2108 cogitatio
1161 2049 1224 2097 mihi
1243 2064 1302 2112 snp-

231 2132 373 2198 pcditavit,
405 2146 458 2179 nen
483 2140 581 2180 certum
605 2133 710 2193 quidem
734 2134 820 2199 illud,
856 2136 903 2183 sed
927 2136 996 2196 quod
1020 2134 1140 2184 videatur
1166 2138 1220 2186 veri
1246 2151 1303 2187 esse

232 2220 325 2270 simile.
366 2220 393 2268 in
418 2220 557 2283 Sophoclis
581 2220 645 2272 Oed.
664 2231 712 2285 tyr,
733 2223 819 2272 Creon
837 2225 906 2287 quod
925 2221 1042 2287 Oedipus
1060 2225 1083 2272 ei
1102 2226 1304 2287 exprobraverat

233 2310 330 2359 crimen
347 2309 389 2358 his
407 2308 492 2359 verbis
511 2310 629 2359 refellere
650 2312 737 2360 studet
756 2326 780 2362 v.
800 2314 849 2364 599
868 2327 919 2374 sq.:

399 2414 459 2470 πῶς
477 2410 534 2478 δῆτ’
555 2411 609 2481 ἐγώ
627 2411 692 2466 κεῖν’
712 2412 747 2468 ἂν
765 2409 875 2487 λάβοιμ’
896 2411 978 2485 ripale
996 2409 1075 2478 παῖδες

398 2501 448 2552 οὐκ
466 2496 502 2553 ἄν
519 2500 629 2569 γένοιτο
648 2512 714 2561 νοῦς
732 2499 817 2562 κακὸς
833 2506 922 2560 καλῶς
939 2505 1059 2574 φρονῶν.

232 2623 334 2657 versum
353 2611 403 2661 600
423 2609 517 2659 Bonita
535 2611 562 2657 in
580 2611 665 2660 annal.
682 2612 807 2660 Zeitschr.
828 2613 846 2658 f.
858 2613 949 2659 osterr.
970 2608 1063 2673 Gymn.
1076 2608 1148 2658 1856.
1167 2624 1191 2671 p.
1201 2609 1247 2659 651
1264 2625 1302 2670 sq.

232 2699 269 2746 ita
295 2695 524 2760 explicuit‘dann
555 2700 640 2747 vviirde
666 2701 751 2749 meine
781 2699 913 2747 schlechte
936 2698 1089 2758 Gesinnnng
1112 2697 1187 2745 nicht
1209 2696 1303 2760 richtig

233 2787 391 2849 iibcrlegen’.
420 2787 538 2849 speciosa
556 2802 619 2836 sane
639 2787 827 2851 interpretatio,
853 2789 894 2836 cui
913 2788 1032 2850 equidem
1052 2787 1122 2835 haud
1141 2785 1302 2850 obloquerer‚

234 2877 284 2925 nisi
302 2876 357 2926 alia
374 2882 477 2925 extaret
494 2875 645 2951 enplicatio,
663 2889 730 2939 qnae
747 2878 831 2938 magis
851 2877 971 2925 arrideat
1002 2890 1063 2923 nam
1082 2875 1161 2922 verba
1179 2870 1261 2933 κακός
1278 2883 1303 2923 et

233 2966 322 3023 καλῶς
345 2971 465 3014 accurate
487 2965 536 3013 sibi
562 2965 683 3028 opposita
707 2980 764 3015 esse
787 2965 927 3015 collocatio
945 2965 1059 3013 indicare
1085 2963 1200 3025 videtur,
1226 2974 1303 3026 atque

233 3069 291 3103 cum
321 3063 387 3112 νοῦς
414 3051 504 3111 καλοῖς
530 3054 642 3123 φρονῶν
669 3055 797 3117 significet
828 3056 981 3118 prudentem
1011 3051 1091 3101 animi
1120 3052 1302 3112 cogitationem

231 3141 274 3206 (cf.
285 3144 379 3192 Trach.
390 3141 457 3207 443),
475 3143 633 3191 adiectivum
650 3139 733 3201 κακός
751 3144 909 3192 contrariam
927 3141 1060 3189 notionem
1079 3139 1201 3187 exhibere
1220 3154 1304 3203 neque

234 3232 314 3280 animi
332 3232 501 3294 voluntatem,
521 3234 565 3280 sed
584 3232 682 3293 ingenii
701 3232 860 3287 intellectum
878 3231 1006 3293 respicere
1024 3230 1109 3277 debet
1129 3228 1206 3276 talem
1224 3229 1304 3291 igitur

234 3326 416 3381 exspectamus
443 3320 599 3368 sententiam
626 3320 656 3368 ‘si
681 3321 746 3369 illud
770 3327 886 3384 peterem
908 3321 960 3368 hoc
986 3318 1102 3381 abiecto,
1127 3318 1304 3380 imprudenter

233 3394 349 3472 agerem3
372 3415 399 3457 at
419 3409 572 3470 tequidem
589 3409 652 3456 mihi
673 3410 795 3459 concedis
815 3411 968 3471 prudentem
987 3406 1065 3455 animi
1083 3404 1304 3469 deliberationem,

234 3496 272 3544 ita
290 3505 318 3545 ut
339 3495 455 3561 ineptum
473 3497 539 3545 illud
558 3497 708 3559 excogitare
729 3500 835 3547 omnino
856 3512 910 3547 non
928 3491 1043 3560 possim’.
1077 3509 1158 3557 qnare
1176 3496 1225 3544 hac
1244 3511 1304 3545 con-

235 3588 378 3636 structione
396 3588 515 3653 indigere
533 3596 596 3650 puto
615 3588 694 3637 verba
713 3586 759 3635 illa
778 3587 897 3636 Creontis
920 3583 971 3635 οὐκ
989 3576 1024 3635 ἂν
1044 3590 1110 3641 νοῦς
1127 3582 1216 3640 καλῶς
1233 3600 1304 3652 ‹ppo-
1341 3596 1344 3601 ·

234 3674 291 3726 νῶν
308 3679 419 3740 γένοιτο
437 3672 528 3734 κακός.
556 3678 733 3739 praedicatum
752 3669 835 3732 κακός
852 3674 930 3739 paulo
948 3673 1109 3731 insolentius,
1128 3671 1150 3720 si
1168 3686 1210 3720 me
1222 3672 1304 3735 audis,

237 3774 276 3814 est
292 3766 483 3828 transpositum.
508 3768 554 3814 sed
573 3773 658 3813 utrum
676 3781 704 3814 re
724 3782 758 3814 an
772 3780 845 3814 secus
858 3765 958 3828 opiner,
976 3763 1087 3833 aliorum
1104 3769 1160 3809 esto
1171 3761 1304 3812 indicium.
1381 3795 1385 3803 .

234 3856 299 3903 haec
317 3866 456 3917 postquam
477 3856 583 3917 scripsi,
609 3854 726 3904 similiter
749 3854 827 3902 verba
845 3853 998 3914 intellegere
1017 3851 1071 3899 vidi
1088 3850 1233 3911 Ritterum,
1259 3850 1304 3911 qni

232 3945 270 3992 ita
294 3946 373 3993 verba
398 3944 475 3992 vertit
502 3944 552 3992 ‘ein
570 3944 645 3993 Gaist
670 3945 718 3992 mit
737 3943 858 3991 Einsicht
876 3940 946 3991 wohl
970 3942 1077 4004 begabt,
1107 3941 1180 3988 vvird'
1195 3941 1305 3988 nimmer

235 4030 368 4081 schlecht'.
405 4046 494 4081 verum
518 4034 551 4081 ab
579 4047 609 4081 eo
628 4042 734 4081 eatenus
759 4032 899 4091 dissentio,
926 4036 956 4078 ut
975 4026 1131 4078 adiectivnm
1151 4023 1234 4087 κακός
1253 4030 1304 4078 alio

234 4136 311 4169 sensu
330 4122 464 4185 accipiam.
