3034 4675
636 225 869 289 -159-

216 396 316 455 Latini
331 403 451 456 utuntur
465 417 493 476 p.
508 398 557 457 at:
579 414 614 454 ae
626 415 664 455 ne
679 397 801 475 prosaici
814 391 932 473 quidem
947 394 1098 473 scriptores
1110 394 1286 454 Graecorum

217 510 248 561 et
267 502 462 561 Romanorum
489 500 527 560 ub
554 499 604 559 illa
629 502 801 560 narrationis
830 499 1039 578 allatorumque
1067 517 1208 587 personae
1234 500 1285 559 ali·
1316 495 1321 509 ’

216 609 298 666 cuins
319 606 472 667 verborum
492 608 619 666 mixtura
647 605 857 665 abstinuerunt
904 604 948 663 ef:
962 603 1036 663 Plat
1060 603 1176 680 Protag.
1201 609 1286 667 3540

217 720 248 771 et
268 731 341 790 quos
362 713 459 771 citavit
480 711 616 788 Loewius
637 711 658 770 l.
681 730 706 774 c.
729 695 789 770 not
810 719 838 772 3.

334 977 337 982 ⁴
451 1010 474 1092 e
504 961 574 1092 13(
619 1013 819 1093 collocato
851 1009 912 1086 cic
940 1014 1085 1106 praa..

306 1222 394 1283 Haud
422 1243 487 1283 raro
516 1223 635 1297 accidit,
664 1232 697 1282 ut
725 1227 898 1285 constructio
927 1222 1008 1284 verbi
1035 1231 1066 1283 et
1093 1225 1217 1282 nominis
1237 1232 1288 1283 aut

151 1316 154 1320 ’
218 1330 300 1391 verbi
321 1338 350 1391 et
370 1331 529 1389 sententiae
550 1349 568 1388 a
589 1328 677 1414 uerbo
703 1329 856 1409 pendentis
878 1330 1045 1409 interposito
1067 1329 1217 1387 enuntiato
1238 1336 1289 1390 aut

219 1435 324 1510 verbo,
339 1434 429 1495 altero
450 1434 692 1513 interrumpatur.
735 1454 823 1514 quam
848 1433 967 1515 quidem
995 1442 1168 1494 structuram
1189 1453 1287 1510 gram-
1329 1458 1331 1461 ·
1415 1417 1416 1420 ¹

219 1542 317 1601 matici
344 1548 454 1599 veteres
483 1540 590 1619 passim
619 1539 836 1600 collocationem
864 1539 915 1604 διὰ
936 1536 1029 1618 μέσου
1050 1541 1208 1599 nominant.
1251 1540 1302 1624 “fn

219 1645 308 1706 schol.
335 1643 384 1730 ad.
416 1644 452 1702 ll.
476 1648 491 1706 Ι
519 1648 575 1707 158
595 1663 677 1724 sqq.‚
704 1644 768 1704 XX
790 1652 868 1718 463,
898 1643 955 1705 Od.
979 1649 1025 1708 IlI
1058 1651 1135 1724 139,
1162 1645 1290 1703 Ernestii

218 1751 303 1810 loxic.
340 1750 537 1828 technologiae
570 1749 672 1812 Graec.
710 1750 870 1810 rhetoricae
903 1771 931 1830 p.
963 1755 1041 1823 209,
1071 1748 1216 1829 Porphyr.
1251 1748 1288 1808 ad
1392 1827 1394 1831 ,

220 1857 501 1930 Hereum-1115,
522 1861 549 1918 6.
582 1858 737 1935 praecipue
758 1856 815 1914 huc
836 1856 961 1935 pertinet
980 1873 1056 1934 quae
1077 1853 1164 1931 vulgo
1186 1852 1291 1914 dicitm

219 1960 414 2043 parenthesis,
446 1980 534 2040 quam
574 1963 659 2020 etiam
692 1962 822 2021 rhetores
854 1959 992 2039 antiquos
1025 1962 1100 2019 inter
1135 1957 1290 2039 hyperbati

220 2085 329 2144 genera
355 2065 499 2125 rettulisse
527 2085 615 2145 supra
642 2064 776 2126 vidimus.
825 2065 878 2125 sed
904 2086 967 2125 eam
988 2067 1147 2125 accuratius
1168 2073 1291 2123 tractare

222 2180 252 2231 et
272 2190 376 2248 magno
399 2171 595 2251 exemplorum
623 2190 742 2230 numero
770 2170 958 2251 comprobare
985 2169 1058 2229 mihi
1080 2190 1139 2229 non
1161 2178 1204 2228 est
1225 2189 1290 2249 pro·

220 2279 355 2359 positum,
378 2295 443 2335 cum
464 2274 503 2335 ad
523 2275 687 2336 liberiorem
711 2276 927 2336 collocationem
948 2295 1008 2335 non
1029 2278 1180 2356 pertineat.
1224 2293 1290 2332 nam

221 2385 246 2442 si
266 2382 388 2460 logicam
401 2384 460 2440 vim
480 2384 688 2443 sententiarum
702 2384 767 2443 aliis
782 2384 1013 2463 interpositarum
1035 2383 1162 2461 respicis,
1185 2379 1291 2459 quibus

221 2506 308 2547 causa
336 2486 434 2566 aliqua
461 2487 507 2546 vel
534 2489 628 2548 simile
648 2487 759 2568 aliquid
780 2491 960 2561 continetur,
988 2507 1036 2547 eas
1057 2489 1213 2547 enuntiatis
1234 2487 1290 2562 pri·

222 2593 319 2651 mariis
340 2589 552 2671 quodammodo
583 2595 731 2654 inferiores
761 2614 823 2654 esso
849 2603 879 2652 et
907 2595 948 2652 sic
974 2592 1057 2651 facile
1079 2594 1120 2650 eis
1138 2593 1291 2651 immisceri
1379 2660 1382 2668 Ι

222 2696 416 2776 occultarique
429 2699 491 2778 ipse
504 2700 619 2759 sentias.
650 2695 749 2760 verum
762 2698 910 2769 nonnulla,
926 2717 1002 2777 quae
1023 2698 1293 2756 commemoratione

195 2782 198 2785 ⁵
222 2794 281 2861 non
310 2800 445 2862 videntur
471 2802 607 2881 indigna,
640 2807 803 2865 summatim
832 2805 1015 2882 breviterque
1043 2804 1192 2878 attingam.
1237 2801 1292 2859 hoc

222 2915 381 2966 structurae
397 2926 498 2985 genus,
514 2928 571 2988 quo
585 2910 691 2985 verbis,
713 2913 842 2990 quaein
864 2929 954 2967 unum
977 2910 1155 2968 enuntiatum
1178 2916 1290 2978 coeunt,

222 3013 314 3072 altera
335 3016 425 3072 oratio
447 3016 654 3094 interponitur,
684 3035 759 3095 quae
784 3023 817 3072 ut
845 3016 885 3072 ita
907 3012 1000 3071 dicam
1021 3013 1134 3071 levioris
1155 3013 1293 3070 momenti

225 3127 268 3177 est
294 3128 323 3177 et
351 3118 512 3177 secundarii
534 3122 675 3180 enuntiati
697 3138 816 3179 munere
836 3119 973 3196 fungitur,
997 3120 1081 3177 etiam
1104 3138 1122 3176 a
1142 3115 1291 3175 familiaris

223 3204 362 3283 sermonis
375 3232 479 3284 natura
493 3245 551 3284 non
567 3245 627 3285 esse
642 3225 768 3285 alienum
783 3227 832 3282 vix
848 3222 983 3304 estquod
1003 3241 1143 3285 moneam.
1168 3219 1293 3300 exempli

222 3314 316 3407 gratia
335 3331 370 3389 of.
391 3330 485 3389 Plaut
509 3331 629 3393 Poenul.
653 3337 699 3395 III
725 3326 750 3405 l,
776 3335 814 3396 63

881 3432 985 3496 teoctie
1004 3430 1091 3493 rem?

298 3541 350 3603 cicc
371 3540 467 3604 hercle
490 3576 529 3586 -
551 3541 596 3605 ito
615 3540 821 3625 pauxillo-est
843 3574 885 3585 -
907 3538 1009 3622 diqitie
1028 3534 1230 3621 primoribus.

223 3658 379 3739 aliquando
401 3668 497 3720 autem
519 3669 622 3740 poetae
644 3679 703 3719 non
724 3661 787 3719 sine
808 3667 907 3739 aperto
929 3656 1048 3717 consilio
1070 3656 1145 3714 hanc
1174 3655 1294 3712 formant

223 3767 254 3824 in
275 3772 336 3824 rem
355 3749 438 3825 suam
453 3772 663 3840 converterimt,
680 3764 759 3845 quod
774 3786 831 3826 uno
850 3762 983 3843 exemplo
998 3762 1123 3822 breviter
1145 3757 1293 3818 illustrabo
1378 3762 1382 3771 '

225 3870 348 3929 Theocr.
372 3873 430 3934 VII
453 3876 492 3933 35
515 3890 557 3946 sq.

309 3971 375 4035 ἀλλ’
397 3975 448 4057 liye
469 3975 507 4055 δή
532 4014 570 4023 —-
593 3976 665 4048 ξυνὰ
685 3975 742 4057 γὰρ
763 3975 841 4052 ὁδὸς,
863 3973 935 4048 ξυνὰ
957 3969 990 4033 δὲ
1012 3970 1061 4030 καὶ
1084 3969 1146 4042 ἀώς
1167 4006 1208 4016 -

283 4112 284 4115 “
310 4077 632 4158 βουκολιασὸώμεσθα.
704 4064 715 4105 s
