3034 4675
674 240 949 338 -ιι--1

540 407 673 479 εὐναίους
695 406 857 489 ὀαρίσμιιυς

482 551 485 559 ·
539 510 641 620 &3211
664 507 727 574 inor
749 511 870 594 ὀλέθρῳ
878 512 914 593 1).

196 683 201 698 Ι
247 615 395 674 Meinclsio
428 618 564 678 articulus
595 638 613 677 a
646 622 763 678 nominc
791 639 844 680 suo
873 617 1032 695 diremptus
1058 615 1132 676 adeo
1164 617 1320 695 singularis

245 722 323 779 visus
352 730 410 793 est,
447 731 480 781 ut
507 726 537 781 in
563 723 650 784 Anal.
674 723 761 783 Alex.
788 745 817 804 p.
842 728 901 784 227
931 720 986 798 τὴν
1009 719 1048 799 δή
1078 743 1162 802 φασι,
1181 720 1319 793 senemr

247 824 430 886 scribendum
445 846 508 887 esse
521 830 670 902 coniceret,
695 827 801 888 deiude
818 830 849 888 in
864 827 976 888 Gallim.
994 827 1023 885 h.
1041 834 1071 884 et
1081 830 1173 907 epigr.
1190 826 1318 887 editione

246 952 275 1009 p.
307 935 368 993 235
398 928 425 991 ol
454 953 613 1012 pronomen
642 934 896 995 demonstrativum
933 951 996 992 esse
1027 930 1220 991 contenderet
1266 931 1318 992 sed
1377 919 1381 926 ’

247 1037 295 1093 vix
315 1035 378 1095 fieri
400 1046 508 1116 potest,
540 1048 574 1100 ut
594 1041 649 1106 hoc
669 1041 733 1100 loco
755 1036 783 1100 oi
805 1061 858 1120 pro
881 1038 1113 1098 demonstrativo·
1126 1039 1317 1116 accipiamus3

246 1142 332 1200 immo
354 1144 473 1222 propius
493 1143 604 1205 accedit
625 1144 664 1205 ad
684 1148 833 1205 notionem
858 1145 1035 1225 pronominis
1056 1145 1208 1223 possessivi
1230 1141 1320 1223 (ihre

246 1245 382 1327 Eltern').
419 1248 504 1309 huius
534 1259 630 1309 autem
661 1253 796 1311 carminis
822 1251 947 1310 saltatim
969 1250 1094 1308 currenti
1113 1257 1143 1308 et
1163 1250 1252 1328 quasi
1267 1267 1317 1307 ex·

246 1351 350 1410 ultanti
381 1353 517 1431 rhythmo
547 1358 655 1435 optime
684 1358 828 1440 convenit
851 1353 1004 1429 artificiosa
1036 1362 1064 1413 et
1096 1361 1128 1412 ul:
1154 1355 1194 1412 itu
1222 1352 1317 1412 diram

247 1457 371 1537 abrupta
386 1460 539 1520 verborum
552 1463 723 1523 consecutio.
746 1480 785 1519 ne
806 1463 837 1519 in
857 1460 912 1518 hac
934 1460 1118 1518 insolentiore
1130 1456 1320 1518 collocatione

247 1565 333 1624 nimis
354 1564 491 1640 offendas,
514 1567 612 1626 confer
633 1567 819 1626 Homericum
841 1564 912 1624 illud
932 1562 1141 1622 aSchneidero
1163 1566 1220 1622 iam
1241 1583 1317 1624 com·

247 1677 380 1747 paratum
402 1670 436 1730 Il.
458 1674 511 1745 XI,
536 1677 614 1735 831:
648 1670 739 1752 προτί
762 1689 855 1751 φασιν
871 1665 1025 1747 Ἀχιλλῆος
1046 1663 1243 1744 δεδιδάχθαι,
1265 1664 1318 1724 ubi

247 1772 378 1852 enclitica
400 1775 490 1835 forma
512 1777 604 1858 φασίν
625 1778 782 1858 propositio
803 1797 821 1834 a
842 1794 908 1834 casu
930 1795 982 1833 suo
1004 1775 1171 1850 seiungitur.
1215 1768 1317 1829 eodem

248 1877 342 1957 plane,
366 1880 444 1959 quod
466 1881 552 1943 modo
574 1883 651 1963 apud
669 1875 882 1944 ¹Callimachum
903 1882 1097 1956 cognovimus,
1128 1875 1240 1960 munuli
1261 1883 1319 1933 tra·

248 1981 313 2041 iecti
334 2003 449 2060 genero
462 1987 628 2048 <inunctum
652 1997 695 2048 est
715 1984 877 2046 Alexandri
897 1985 996 2044 Aetoli
1018 1985 1209 2061 fragmentum
1231 1979 1318 2061 (Mei-

251 2088 335 2147 ueke.
358 2091 445 2152 Anal.
469 2093 556 2152 Alex.
578 2115 607 2173 p.
632 2093 725 2173 225):

157 2175 160 2180 Ι
349 2193 414 2256 ἀλλ’
436 2196 453 2258 ὅ
473 2219 506 2278 γε
528 2196 716 2276 πευθόμενος
737 2196 837 2278 πάγχυ
860 2199 889 2256 Γ
886 2201 1014 2277 ραικοΐσι
1034 2191 1183 2272 palestina

406 2302 561 2382 Τιμόθεον
579 2302 711 2387 κιθάρης
733 2300 843 2381 ἴδμοια
865 2299 915 2361 καὶ
937 2298 1058 2378 μελέων,

348 2406 413 2468 υἱὸν
438 2409 649 2492 Θιρσάνὸροιο,
671 2409 723 2469 τὸν
744 2402 847 2495 {jacam
869 2404 960 2487 ἀνέρα
982 2406 1090 2486 σίγλων

397 2514 534 2596 χρυσίων
556 2513 620 2599 ἱερῇ
640 2515 678 2593 δὴ
700 2513 768 2575 τότε
788 2510 913 2590 χιλιάδι.

249 2618 386 2678 articulus
408 2618 596 2713 (τῂν-ἀνέρα)
625 2642 685 2681 uon
714 2619 836 2678 multum
856 2615 974 2696 quidem
1000 2615 1119 2675 abesto
1140 2614 1321 2695 pronominis

250 2719 467 2785 demonstrativi
496 2735 645 2807 potestate,
677 2735 773 2786 tamen
794 2743 855 2785 uon
875 2741 993 2802 prorsus
1013 2723 1074 2779 cius
1094 2718 1226 2780 naturam
1248 2736 1320 2797 prae

244 2847 281 2888 se
314 2829 378 2889 fert.
416 2841 505 2913 atque
540 2832 605 2891 ideo
637 2833 693 2891 hoc
725 2828 890 2908 exemplum
921 2829 1046 2885 maxime
1077 2836 1121 2885 est
1150 2821 1319 2896 notandum,

250 2919 422 3012 quotl'cum
448 2944 525 2997 certe
553 2934 703 3009 diiudicari
730 2944 865 3015 nequeat,
895 2942 992 2992 utrum
1020 2932 1133 2991 articuli
1157 2950 1196 2989 au
1214 2948 1318 3009 prouo-

204 3029 207 3038 '
251 3041 337 3099 minis
358 3042 593 3118 significationem
615 3034 770 3113 contineat,
801 3059 838 3098 cx
861 3059 895 3097 eo
916 3038 1052 3115 colligere
1072 3037 1140 3097 licet
1161 3034 1232 3095 duas
1255 3034 1321 3093 illas

249 3146 381 3204 notiones
403 3165 489 3227 saepe
509 3149 666 3226 permixtas
686 3165 820 3229 nequas
840 3145 932 3224 poetis
954 3145 1024 3222 ipsis
1040 3145 1115 3202 inter
1135 3160 1167 3201 se
1187 3146 1321 3198 accurate

251 3268 313 3308 esse
327 3248 484 3310 distinctas.
518 3254 634 3312 tertium
657 3251 831 3331 exemplum,
854 3268 914 3328 quo
935 3249 1056 3311 similem
1071 3246 1185 3308 articuli
1199 3245 1320 3305 seiuncti

250 3352 395 3414 licentiam
425 3376 573 3433 agnoscas,
607 3365 687 3419 extat
721 3359 753 3416 in
783 3357 989 3435 epigrammate
1021 3356 1122 3415 aetatis
1153 3350 1321 3411 recentioris
1429 3350 1431 3353 ’
1505 3390 1506 3401 ι

250 3459 379 3538 (Kaibel
403 3464 493 3542 epigr.
517 3482 554 3520 ex
576 3461 722 3542 lapidibus
743 3460 864 3520 collecta
884 3481 929 3526 ur.
956 3467 1033 3522 1047
1058 3481 1085 3519 v.
1110 3458 1153 3539 3.)

337 3564 411 3646 πρὸς
431 3562 459 3626 ‹l'
482 3562 525 3628 ἔτι
547 3566 597 3627 καὶ
619 3567 673 3628 τὸν
693 3566 801 3628 &avoca
824 3569 946 3625 notave
967 3562 1016 3647 ἱρῇ
1036 3563 1077 3625 ἐνὶ
1099 3563 1196 3626 Kosa

251 3682 319 3745 ergo
351 3670 394 3729 illi
425 3671 496 3747 loci,
534 3692 608 3752 quos
639 3671 676 3731 ad
711 3681 809 3752 partes
839 3674 1003 3743 citavimus,
1035 3652 1151 3730 c'ausam
1182 3665 1321 3727 adversus
1383 3676 1388 3687 ’

336 3927 357 3994 1)
382 3930 442 3979 Non
465 3938 534 3979 recte
554 3929 742 3980 Schneiderum
761 3932 812 3979 hoo
829 3932 979 3992 poemation
997 3931 1146 3980 coniectura
1161 3928 1322 4001 sollicitasse

251 4026 276 4067 et
293 4020 321 4067 in
345 4020 560 4082 epigrammatum
584 4033 720 4067 numerum
739 4020 870 4068 rettulisse
894 4020 1082 4068 demonstravit
1100 4018 1240 4082 Diltheyus
1259 4017 1321 4068 Jen.

249 4108 329 4157 Liter.
352 4108 484 4185 wia-nr.
504 4109 562 4159 eat.
