3034 4675
246 442 329 503 δεῦτε
352 446 478 523 pertinet
498 441 536 501 ad
557 440 677 500 verbum
698 434 855 514 ἐξέλθετε,
876 449 965 519 atque
992 438 1152 511 festinatio,
1183 458 1259 517 quae
1287 442 1317 498 in

245 549 289 609 bis
318 552 412 629 posito
441 549 571 607 vocativo
599 544 688 605 τέκνα
718 553 747 603 et
775 544 916 623 asyndeto
938 545 1024 626 piane
1052 554 1190 625 apparet,
1213 545 1319 606 clarius

246 657 416 736 exprimitur
436 654 654 734 interpositione
676 653 816 710 enuntiati
837 651 951 711 λείπετε
974 648 1090 731 στέγας.
1123 654 1154 711 in
1168 651 1317 711 Theocriti

245 769 342 820 autem
363 760 425 820 loco
447 778 534 834 saepe
548 757 586 817 ab
605 756 771 816 hominibus
788 756 879 817 doctis
900 760 986 816 citato
1007 757 1087 817 anth.
1104 756 1166 816 Pal.
1182 761 1239 820 VII
1254 764 1314 819 644

507 855 679 944 Ἀρχίλοχον
700 861 750 922 καὶ
773 865 869 923 στᾶθι
891 862 942 921 καὶ
964 860 1054 923 εἰσαλε

246 986 396 1044 traiectum
412 993 455 1043 est
469 981 519 1041 καὶ
534 984 640 1056 στᾶθι,
655 991 688 1040 ut
709 1000 815 1041 nomen
836 984 906 1056 eius,
928 981 965 1042 de
986 1002 1044 1061 quo
1065 984 1169 1059 agitur,
1191 983 1319 1039 maxima
1361 1039 1367 1044 .

245 1110 310 1150 cum
329 1091 358 1148 vi
379 1097 408 1149 et
428 1091 568 1166 gmvitate
588 1107 702 1147 versum
724 1089 873 1167 inciperet.

329 1195 488 1270 Praecipue
519 1212 587 1252 vero
620 1191 750 1253 Graecae
781 1191 898 1269 linguae
929 1191 1056 1251 studium
1089 1183 1141 1272 per
1175 1192 1319 1250 antitheta

245 1302 328 1359 iuxta
357 1300 450 1378 posita
479 1298 676 1358 conformandi
708 1299 867 1358 orationem
899 1299 974 1357 hanc
1006 1299 1225 1356 constructionis
1252 1316 1317 1374 per·

244 1402 437 1464 turbationem
459 1407 609 1478 excitavit,
633 1413 679 1476 ut,
704 1423 779 1483 quae
800 1393 1003 1480 coniungenda
1023 1412 1126 1477 essent,
1149 1404 1319 1483 interposito
1401 1449 1405 1458 .

244 1510 335 1568 altero
362 1508 451 1568 verbo
480 1519 530 1569 aut
559 1512 707 1569 enuntiato
735 1508 970 1568 distraherentur.
1022 1507 1168 1568 interdum
1199 1506 1317 1587 quidem

244 1613 357 1689 accidit,
379 1623 413 1674 ut
432 1615 499 1674 talis
520 1617 658 1673 orationis
672 1614 860 1673 conformatio
875 1616 1067 1673 concinnitate
1081 1613 1206 1692 quadam
1220 1623 1317 1690 postu·

243 1722 320 1780 letur
347 1729 436 1799 atque
462 1719 500 1779 ad
528 1721 762 1799 perspicuitatem
791 1728 820 1778 et
844 1718 1017 1779 evidentiam
1036 1720 1158 1779 multum
1180 1718 1317 1792 conferat,

245 1835 278 1886 ut
299 1825 424 1904 exempli
445 1827 538 1903 gratia
559 1826 662 1905 Eurip.
686 1824 801 1886 Heracl.
827 1831 886 1887 307
901 1844 944 1905 sq.

433 1926 507 2006 δότ’,
531 1920 555 1989 ὦ
576 1926 665 2006 τέκν’,
688 1930 791 2000 αὐτοῖς
809 1935 898 2011 χεῖρα
918 1927 1027 2009 δεξιάν,
1049 1926 1128 2005 δότε,

430 2034 516 2114 ὑμεῖς
537 2056 569 2094 τε
591 2034 686 2111 παισί,
710 2033 760 2093 καὶ
782 2031 874 2106 πέλας
894 2032 1087 2117 προσέλθετε.
1137 2031 1140 2038 ’

245 2143 292 2201 hic
313 2141 386 2200 alter
408 2141 593 2222 imperativus
614 2135 796 2220 προσελθετε
811 2139 848 2198 ad
864 2137 953 2201 τέκνα
966 2150 1086 2217 spectat,
1107 2148 1136 2199 et
1153 2148 1238 2219 poeta
1255 2142 1319 2198 sine

245 2267 350 2325 magno
378 2255 538 2306 structurae
565 2244 736 2304 detrimento
766 2245 850 2304 aliter
876 2247 992 2304 omnino
1014 2244 1094 2324 loqui
1115 2265 1176 2305 non
1195 2255 1316 2325 poterat.

244 2355 414 2435 plerumque
428 2362 525 2412 autem
539 2352 666 2430 vulgaris
680 2353 833 2412 verborum
849 2351 920 2412 ordo
943 2351 1072 2411 consulto
1094 2353 1242 2430 neglectus
1264 2363 1316 2428 est,

242 2468 275 2519 ut
304 2460 429 2517 sermoni
456 2460 539 2541 rigor
565 2468 739 2517 accresceret
767 2467 796 2518 et
824 2461 915 2519 oratio
949 2461 1012 2539 ipsa
1041 2457 1141 2518 fortior
1174 2459 1317 2519 evaderet.

243 2566 278 2624 cf.
302 2566 405 2644 Eurip.
429 2564 491 2622 Ion.
517 2570 576 2626 690
591 2582 635 2642 sq.

487 2669 542 2727 νὺν
563 2664 591 2727 d'
611 2665 630 2745 ἢ
651 2663 707 2744 μὲν
728 2661 818 2747 ἕρρει,
841 2666 857 2726 ὃ
879 2656 908 2727 d'
936 2668 1061 2747 εὐτυχεῖ,

489 2771 591 2834 πόλιον
609 2770 788 2831 ἐἰσπεσοῦσα
809 2779 911 2853 γῆρας,

242 2876 332 2956 Soph.
354 2876 401 2935 El.
426 2880 487 2938 352
502 2895 545 2954 sq.

451 2976 513 3037 ἐπεὶ
536 2975 664 3049 δίδαξον,
687 2972 707 3053 ἢ
727 2964 810 3051 μάθ’
835 2973 865 3047 ἔξ
886 2973 968 3053 ἐμοῦ,
991 2976 1024 3036 τί
1046 2998 1097 3054 μοι

451 3080 554 3163 κε’ριλος
574 3069 680 3162 γένοιτ’
707 3076 744 3139 ἂν
766 3080 860 3140 τῶνδε
881 3077 993 3164 ληξάσῃ
1013 3080 1101 3163 γόων.

242 3209 358 3268 compar
386 3189 513 3248 traiectio
544 3196 587 3246 est
615 3185 798 3264 agnoscenda
819 3189 850 3244 in
871 3187 1097 3263 Agamemnonis
1119 3189 1214 3250 verbis
1236 3189 1315 3271 apud

242 3292 412 3374 Euripidem
433 3293 498 3367 1ph.
522 3282 594 3351 Auli
611 3297 671 3354 528
687 3312 751 3372 sqq.

408 3394 514 3453 οὐκοῦν
535 3392 615 3453 δόκει
639 3417 683 3452 νιν
704 3388 808 3454 στάντ’
830 3393 861 3454 ἓν
877 3391 1018 3475 Ἀργείοις
1039 3393 1140 3472 με’σοις

406 3496 506 3573 λέξειν,
530 3497 550 3558 ἃ
570 3496 697 3577 Κάλχας
715 3492 850 3580 θέσφατ’
875 3499 1047 3581 ἶξηγήσατο,

407 3593 492 3680 ἅμ’,
517 3603 558 3674 ὡς
578 3602 708 3684 ὑπέστην
730 3607 829 3683 θῦμα,
853 3595 931 3664 κᾶτα
952 3606 1116 3684 ψεύδομαι,

407 3699 560 3790 Ἀρτέμιδι
582 3709 699 3769 θύσειν.

240 3810 428 3870 audacissime
449 3831 516 3870 vero
538 3811 728 3884 Timocreon,
753 3812 956 3872 Themistoclis
977 3811 1122 3892 aequalis,
1145 3814 1233 3873 verba
1253 3823 1312 3873 tur·

239 3916 318 3976 bavit
339 3918 369 3975 in
392 3918 606 3995 epigrammate,
627 3914 706 3995 quod
729 3917 1024 3978 ‘maiedieentissimns
1041 3927 1126 3997 poeta
1139 3918 1261 3978 fortasse
1282 3922 1313 3977 in

240 4023 335 4100 ipsum
356 4021 580 4080 Themistoclem
601 4024 723 4100 scripsit'
746 4023 865 4105 (Bergk.
888 4025 942 4101 fag.
966 4031 983 4085 9
1007 4024 1118 4099 111⁴p.
1142 4023 1225 4105 540),

413 4135 467 4187 τοῦ
488 4126 699 4204 ξυμβουλεύειν
717 4126 790 4211 χὲρς
810 4118 878 4206 dinc,
901 4137 969 4199 νοῦς
991 4126 1024 4188 δὲ
1045 4125 1135 4210 πάρα.
