3034 4675
666 232 934 296 -144-’

246 404 296 466 ubi
316 403 392 483 πλὴν
406 399 480 483 ἐμοῦ
494 404 609 483 pmprie
623 400 659 461 ad
678 402 731 461 οὐκ
748 398 829 462 ἔστιν
842 408 960 482 spectat,
977 401 1199 478 transpositione
1219 407 1317 458 autem

245 512 404 588 graviorem
426 511 530 589 accipit
550 516 707 568 accentum,

331 615 470 693 Aeschyli
487 612 651 693 exemplum
665 615 722 671 iam
737 613 889 672 transitum
902 612 988 671 faciat
1000 610 1038 671 ad
1055 630 1159 671 novam
1174 612 1316 691 quaestio·

245 742 328 796 nem,
358 740 433 801 quae
458 720 617 778 accuratius
645 725 690 788 est
717 715 917 777 examinanda.
962 719 1098 797 quoniam
1124 718 1155 774 in
1180 717 1221 774 eis
1242 735 1318 794 quae

248 832 397 907 hucusque
425 825 633 904 disputavimus
661 826 805 890 sententia
831 822 952 882 relativa
976 824 1038 881 fere
1065 823 1126 882 sola
1151 841 1205 882 uos
1225 823 1319 888 tenuit

213 1004 215 1010 ,
247 943 407 1014 occupatos,
432 950 509 989 nunc
523 930 587 988 illas
601 932 782 989 traiectiones
797 927 965 1006 diligentius
986 927 1220 1006 contemplemur,
1242 945 1318 1007 quae

248 1045 277 1101 iu
299 1039 520 1120 quibuscunque
541 1038 690 1095 sententiis
716 1033 893 1095 secundariis
921 1037 981 1093 sive
1002 1053 1020 1091 a
1049 1035 1250 1092 coniunctione
1269 1031 1317 1090 vel

247 1144 388 1228 particula
422 1144 482 1201 sive
514 1162 532 1199 a
567 1143 738 1242 pronomine
765 1140 864 1219 aliquo
894 1140 1098 1220 incipientibus
1126 1141 1315 1220 reperiuntur,

248 1273 304 1330 qua
326 1255 356 1311 in
378 1249 515 1309 orationis
536 1247 759 1306 conformatione
781 1244 812 1303 id
825 1248 951 1303 maxime
965 1254 1008 1304 est
1021 1241 1314 1305 animadvertendum.

248 1356 328 1439 quali
356 1351 485 1434 pondere
513 1350 643 1431 praedita
670 1353 728 1410 sint
756 1349 896 1411 voeabula
924 1354 1051 1410 traiecta
1094 1370 1197 1409 causae
1220 1357 1317 1408 autem

247 1464 334 1522 huius
366 1456 521 1538 hyperbati
554 1459 667 1534 generis
699 1458 795 1515 variae
823 1475 886 1516 csse
913 1465 1049 1537 possunt,
1083 1465 1112 1516 et
1142 1475 1317 1535 quamquam

248 1568 345 1627 multis
366 1565 436 1623 locis
458 1562 538 1621 nulla
560 1562 617 1621 alia
638 1563 711 1621 ratio
734 1561 815 1621 reddi
834 1570 928 1642 potest
943 1583 1029 1639 quam
1048 1565 1132 1621 metri
1151 1557 1315 1632 necessitas,

179 1733 181 1738 ,
248 1683 345 1731 tamen
366 1690 419 1750 pro
438 1667 547 1727 viribus
569 1669 640 1726 meis
663 1667 792 1727 effectum
815 1667 955 1726 eiusmodi
976 1669 1151 1727 traiectionis
1170 1664 1317 1725 nonnullis

249 1776 388 1856 exemplis
416 1774 560 1833 illustrare
588 1772 723 1833 conabor.
769 1774 893 1849 primum
925 1772 1012 1831 affero
1044 1772 1195 1853 Sophoclis
1223 1772 1316 1830 locum

248 1881 283 1941 Ο.
307 1881 338 1941 Ο.
363 1885 421 1942 874

334 1985 394 2056 ἄξω
421 1982 485 2070 βία,
509 1980 554 2043 κεί
574 1981 684 2062 μοῦνός
705 1982 776 2061 εἶμι,
795 1981 890 2059 τόνδε,
913 1982 962 2041 καὶ
982 1980 1083 2066 χρόνῳ
1105 1982 1256 2065 βραδύς(

249 2092 393 2151 obiectum
421 2090 502 2148 verbi
529 2091 657 2169 primarii
687 2086 799 2170 (τόνδε)
829 2091 861 2147 in
889 2091 1128 2148 constructionem
1155 2086 1318 2147 secundarii

250 2198 389 2257 enuntiati
414 2198 614 2275 interpositum
644 2203 702 2268 est,
731 2204 764 2254 ut
789 2194 935 2274 loquentis
963 2196 1082 2271 agitatio
1104 2196 1192 2253 animi
1217 2181 1319 2253 ordine

248 2320 361 2381 quoque
382 2299 535 2361 verborum
563 2303 705 2381 permixto
733 2302 878 2381 pingatur.
918 2309 951 2361 ut
976 2302 1062 2374 enim,
1091 2300 1194 2359 affectu
1221 2298 1318 2376 aliquo
1387 2287 1390 2293 ’

249 2411 298 2485 qui
319 2415 520 2481 commovetur,
548 2426 662 2487 semper
682 2426 700 2464 a
720 2416 799 2465 recta
820 2405 956 2482 loquendi
979 2409 1025 2466 via
1046 2406 1160 2465 aberrat
1180 2415 1210 2465 et
1230 2407 1319 2464 animi

249 2513 465 2593 perturbatione
487 2510 543 2571 buc
567 2511 636 2570 illuc
663 2521 771 2571 tractus
792 2512 948 2589 legitimam
969 2512 1123 2571 verborum
1143 2514 1245 2571 seriem
1267 2514 1318 2569 im-

249 2628 356 2693 mutat,
386 2619 428 2676 sio
457 2617 512 2675 hoe
540 2616 603 2674 loco
625 2616 783 2695 Sophocles
805 2638 909 2695 magna
935 2637 999 2676 cuni
1020 2626 1083 2676 arte
1103 2626 1236 2677 naturam
1257 2619 1318 2676 imi·

248 2732 325 2782 tatus
348 2722 501 2781 Creontem
528 2721 681 2781 verborum
710 2731 882 2782 structuram
910 2722 1074 2781 turbantem
1102 2724 1177 2782 fecit
1222 2723 1320 2782 confer

248 2828 370 2889 similem
391 2829 647 2919 transgressionem
666 2826 768 2886 eadem
787 2827 824 2886 de
838 2848 924 2886 causa
937 2837 1103 2908 usurpatam
1118 2829 1223 2888 Aesoh.
1238 2829 1318 2894 Pers,

249 2940 306 2996 351
332 2953 374 3009 sq.
444 2967 446 2973 ·

423 3016 500 3088 τίνες
522 3019 681 3098 κατῆρξαν,
704 3015 831 3099 πότερον
850 3011 998 3096 Ἓλληνες,
1019 3017 1128 3097 μάχης,

426 3108 430 3116 ”
452 3118 471 3200 ἢ
493 3128 564 3192 παΐς
586 3118 656 3200 ἐμὸς
677 3120 790 3198 πλήθει
812 3119 1005 3198 καταυχήσας
1026 3129 1118 3197 νεῶν,

251 3229 332 3285 etin
358 3246 390 3285 re
420 3226 562 3285 obscoena
582 3229 671 3286 Arist.
690 3227 769 3286 Nuh.
794 3233 865 3289 295.
907 3245 1081 3306 magnopere
1109 3248 1177 3311 vero
1204 3228 1252 3287 est
1267 3231 1319 3288 mi·

249 3328 388 3403 randum,
419 3331 497 3410 quod
520 3331 592 3391 tales
613 3336 864 3412 transpositiones,
894 3330 1055 3407 dequibus
1076 3314 1320 3393 hoclocobohis

250 3446 294 3495 est
321 3434 475 3513 agendum,
498 3456 535 3495 ne
556 3457 574 3495 a
595 3457 681 3516 prosa
702 3435 818 3515 quidem
840 3437 1016 3498 Graecorum
1045 3441 1175 3497 oratione
1203 3458 1321 3518 prorsus

249 3551 316 3601 sunt
347 3540 542 3620 ablegandum
575 3551 606 3600 at
638 3545 783 3602 rarissime
815 3552 974 3602 occurrunt.
1019 3547 1060 3603 sic
1087 3543 1162 3603 Plat
1190 3544 1266 3621 legg.
1289 3548 1319 3606 ll

249 3670 278 3728 p.
298 3648 386 3710 uhab
409 3644 462 3708 τὸν
475 3644 622 3725 μέλλοντα
643 3645 777 3730 lismonam
796 3648 899 3729 κριτὴν
920 3645 1045 3710 ἔσεσθαι
1067 3649 1113 3709 dri
1132 3657 1229 3709 ταῦτα
1250 3648 1321 3730 τρία

252 3749 337 3832 ἔχειν,
360 3752 406 3813 ὅτι
430 3752 492 3814 ἐστὶ
515 3762 634 3832 πρῶτον
655 3751 836 3835 γιγνώσκειν,
853 3750 962 3814 {haido
977 3754 1018 3827 ὡς
1033 3755 1146 3836 ὀρθῶς,
1164 3750 1262 3815 ἔπειθ’
1279 3753 1321 3825 ὡς

252 3853 285 3919 εὖ
307 3859 342 3919 τὸ
362 3859 464 3941 τρίτον
486 3857 655 3941 εἴργασται,
678 3881 730 3939 per
751 3859 934 3938 hyperbaton
956 3860 991 3920 τὸ
1011 3860 1112 3943 τρίτον
1132 3862 1257 3941 positum
1278 3869 1322 3920 est

250 3984 302 4045 pro
326 3960 428 4025 themo
450 3965 485 4024 τὸ
506 3965 608 4047 τρίτον
631 3964 672 4036 ὡς
694 3958 726 4023 εὖ
756 3961 909 4046 εἴργασται
918 3966 953 4047 1),
1000 3964 1079 4025 haud
1106 3965 1250 4025 dissimilis
1278 3974 1322 4025 est

337 4134 359 4200 ¹)
376 4139 435 4186 Hoc
455 4137 515 4187 loco
533 4151 659 4199 agnoscas
674 4137 788 4199 aliquam
805 4137 958 4186 illaboratae
976 4138 1102 4187 orationis
1119 4138 1321 4187 affectationem.
