3034 4675
628 271 902 354 .--18-,-

259 455 327 505 sunt
348 446 481 526 exempla
503 447 536 504 ll.
558 447 603 504 IV
627 454 685 509 501
702 466 778 525 sqq,
802 444 856 504 Od.
873 446 905 504 X
935 452 998 507 102.
1020 443 1147 525 denique
1165 448 1250 504 etiam
1273 446 1331 504 illis

259 550 337 625 locis,
361 552 465 628 quibus
487 551 502 611 ὁ
525 550 560 611 δέ
579 554 660 611 initio
683 554 825 611 enuntiati
848 552 972 636 positum
994 559 1037 610 eet
1058 552 1138 612 nulla
1159 554 1220 612 eius
1239 554 1329 611 nomi-

260 659 320 729 nis,
350 656 430 736 quod
455 657 541 736 paulo
564 658 637 716 infra
659 658 860 737 subsequitur,
889 658 1034 714 mentione
1061 656 1153 729 facta,
1181 658 1244 715 fieri
1270 678 1329 716 non

259 772 352 842 potest
380 764 451 842 quin
480 782 587 821 nomen
615 743 806 842 appositionis
835 761 897 820 loco
923 758 1055 820 additum
1077 781 1139 819 esse
1161 771 1326 821 statuamus.

260 869 294 925 cf.
318 868 353 925 Il.
376 868 404 925 V
428 872 487 929 502
516 864 547 927 ci
569 860 600 927 d'
626 866 888 927 ὑπολευκαίνονται
911 866 1060 948 ἀχυρμιαί
1079 875 1108 924 31
1129 869 1158 927 V
1182 873 1241 930 663

385 969 412 1031 31
434 969 489 1050 μέν
513 962 564 1053 tq?
586 971 730 1031 ἀντίθεον
745 972 928 1053 §considera
950 971 1016 1050 dior
1031 966 1142 1054 ἑταῖροι

165 1155 168 1160 „
387 1073 523 1159 ἐξέφερον
545 1075 693 1155 πολέμοιο,

259 1183 286 1240 V
311 1187 381 1254 692,
405 1181 459 1241 Od.
482 1183 561 1241 XIX
582 1191 653 1256 470,
674 1180 784 1243 XXIV
809 1187 868 1244 226
895 1181 947 1241 τὸν
969 1177 999 1242 d'
1026 1175 1088 1242 olor
1107 1173 1206 1264 πατέρ’
1233 1173 1325 1264 εὗρεν,

258 1287 309 1348 ubi
331 1282 393 1347 οἷον
415 1288 607 1368 praedicative
627 1290 753 1368 positum
772 1297 823 1347 est.
856 1290 993 1347 maiorem
1016 1288 1211 1368 exemplorum
1233 1289 1326 1347 multi-

257 1393 386 1452 tudinem
415 1397 558 1470 congessit
587 1394 715 1453 Schnorr
735 1414 762 1451 v.
784 1391 959 1467 Carolsfeld‚
989 1396 1040 1473 qui
1068 1396 1099 1453 in
1127 1392 1327 1452 dissertatione

257 1497 295 1557 de
316 1498 470 1558 verborum
495 1498 682 1559 collocatione
705 1499 858 1557 Homerica
887 1522 915 1577 p.
943 1505 1064 1560 11-16
1093 1497 1130 1555 de
1158 1501 1327 1578 pronomine

258 1604 273 1664 ὃ
302 1607 461 1664 accuratius
492 1607 558 1680 egit,
602 1613 716 1681 praeter
745 1624 830 1680 quem
859 1604 988 1663 conferas
1016 1604 1236 1682 Naegelsbachii
1266 1603 1326 1662 An·

256 1710 436 1787 merkungen
451 1731 502 1768 zur
515 1709 550 1767 ll.
573 1714 650 1773 1834
669 1733 697 1789 p.
712 1716 769 1772 321
788 1729 852 1789 sqq.
887 1711 985 1787 itaque
999 1728 1035 1767 ex
1049 1712 1090 1768 eis
1105 1729 1180 1788 quae
1195 1710 1327 1787 proxime

257 1816 463 1894 disputavimus
477 1817 683 1899 consectarium
699 1824 750 1888 cst,
765 1814 842 1894 apud
859 1814 1018 1873 Homerum
1033 1835 1191 1893 pronomen
1206 1813 1222 1873 ὁ
1239 1815 1326 1893 plane

255 1921 292 1980 ad
314 1920 455 1999 pedestris
477 1922 616 1979 sermonis
634 1919 750 1980 modum
773 1920 886 1979 articuli
913 1919 976 2004 loco
999 1933 1166 1999 usurpatum
1195 1923 1326 1997 graviore

167 1997 186 2052 9
196 2005 231 2110 XV
247 2027 404 2100 ⁸vocabulo,
426 2047 484 2106 quo
507 2028 667 2085 necessaria
688 2026 828 2085 efficiatur
849 2028 998 2100 seiunctio,
1020 2047 1039 2084 a
1053 2028 1169 2085 nomine
1191 2046 1242 2085 suo
1266 2046 1324 2085 non

138 2133 199 2210 ir)
255 2151 318 2191 esse
346 2132 498 2191 divulsum,
544 2130 582 2189 de
609 2153 667 2191 uno
696 2141 808 2191 tantum
834 2131 899 2191 loco
929 2129 1137 2204 dubitaverim,
1171 2152 1237 2190 nam
1267 2130 1322 2190 Od.

29 2205 158 2389 JV&
255 2238 363 2296 xxiv
388 2244 447 2299 225

465 2330 561 2412 αὐτὰρ
583 2329 599 2389 ὃ
622 2335 698 2391 τοῖσι
721 2327 815 2412 γέρων
837 2329 907 2390 131111
928 2330 1103 2412 ἡγὲμόνευεν

253 2437 374 2495 fortasse
389 2437 460 2495 illud
476 2436 491 2496 ὁ
506 2457 597 2515 prope
613 2439 640 2494 in
653 2437 765 2496 articuli
781 2438 926 2495 notionem
942 2457 973 2496 se
987 2440 1124 2511 insinuat3
1141 2437 1323 2516 hyperbaton

172 2598 174 2602 ,
255 2545 343 2619 igitur
357 2541 540 2602 statuendum
558 2545 621 2613 erit,
644 2562 703 2621 quo
718 2548 795 2602 τοῖσι
815 2545 890 2600 inter
904 2543 1054 2602 articulum
1071 2553 1100 2601 ct
1113 2542 1323 2601 substantivum

255 2657 298 2706 est
317 2650 476 2720 traiectum,
501 2651 539 2706 113
553 2656 586 2706 ut
599 2649 696 2705 variae
710 2646 837 2706 eiusdem
853 2648 983 2706 vocabuli
998 2649 1107 2706 formae
1120 2649 1252 2725 proxime
1265 2650 1323 2706 sint

227 2808 229 2813 .
254 2754 416 2812 collocatae.
448 2763 536 2831 atque
558 2755 628 2835 haec
647 2752 800 2832 explicatio
819 2753 904 2811 simili
920 2755 1138 2831 praepositionis
1160 2753 1321 2832 hyperbato

254 2859 418 2919 defenditur
438 2858 473 2917 Il.
494 2859 524 2916 X
549 2864 609 2920 224
644 2856 702 2938 nod
731 2856 747 2916 ὁ
776 2866 830 2917 τοῦ
857 2855 985 2936 ἐνόησεν,
1019 2857 1056 2915 (13
1084 2878 1142 2937 quo
1171 2859 1233 2918 loco
1255 2857 1322 2917 vide

254 2966 336 3023 infra.
382 2975 531 3044 praetcrea
560 2962 755 3041 reputandum
784 2971 841 3035 cst,
870 2962 964 3022 locum
993 2963 1074 3022 illum
1101 2973 1201 3022 extare
1229 2968 1259 3023 in
1287 2985 1322 3023 ea

254 3068 402 3148 Odysseae
424 3070 579 3149 particula,
610 3089 697 3147 quam
724 3071 884 3128 recentiore
911 3089 982 3128 aevo
1012 3079 1103 3127 ortam
1127 3089 1189 3128 csse
1214 3073 1322 3148 primus

254 3172 460 3233 demonstravit
473 3176 620 3255 Spohnius
641 3174 691 3255 (de
706 3182 835 3238 extrema
849 3173 997 3252 Odysseae
1015 3182 1105 3254 parte,
1127 3174 1206 3254 Lips.
1230 3176 1320 3257 1816)

253 3288 283 3337 31
304 3298 404 3337 omnes
426 3281 485 3339 fere
507 3301 584 3340 nunc
605 3281 796 3339 consentiunt

337 3387 532 3444 Posteriorum
561 3407 678 3466 quoque
705 3392 866 3462 temporum
895 3394 1014 3465 poetae,
1047 3383 1084 3443 de
1115 3385 1227 3462 vulgari
1259 3395 1320 3444 tan·

232 3501 312 3569 ¹tum
346 3491 457 3549 articuli
490 3497 630 3568 potestate
663 3488 834 3568 plerumque
866 3493 1039 3567 cogitantes,
1071 3493 1174 3568 partim
1200 3492 1321 3549 fortasse

254 3598 435 3655 Homericam
473 3594 586 3654 dicendi
624 3596 765 3652 rationem
805 3597 893 3653 secuti
936 3588 1093 3675 pronomen
1133 3594 1149 3655 ὁ
1182 3593 1217 3654 δέ
1249 3615 1319 3652 non-

251 3722 400 3780 nunquam
422 3707 659 3780 praeposuerunt,
694 3701 733 3756 ita
760 3709 794 3757 ut
814 3699 992 3759 substantivo
1016 3710 1115 3779 postea
1136 3702 1320 3779 epexegetice

254 3841 460 3850 -.——-..—

251 3924 409 3991 praecedunt
432 3927 527 3973 frustra
548 3925 679 3985 requires3
703 3926 749 3971 sed
774 3939 807 3970 ex
831 3924 911 3972 totius
929 3925 1028 3987 periodi
1048 3924 1177 3972 sententia
1196 3932 1222 3971 et
1240 3924 1318 3972 verbo

251 4017 326 4065 linito
350 4015 466 4076 intellegi
492 4020 590 4075 potest,
617 4014 649 4060 de
673 4014 746 4074 equis
770 4027 827 4060 cese
852 4027 1005 4061 sennonem.
1040 4013 1073 4060 cl.
1098 4013 1148 4061 Oc.
1169 4012 1235 4061 Vlll
1261 4013 1317 4071 tto,

251 4104 316 4152 XXI
342 4104 373 4153 48
391 4119 429 4163 sq.
