3034 4675
653 276 866 339 -41-

220 446 315 504 monis
337 443 429 503 cultus
443 445 476 503 fit
490 443 638 504 delicatior
658 455 688 505 et
704 448 835 505 notiones
857 449 1017 506 contrariae
1034 448 1125 522 magis
1139 451 1290 520 crunnum,

221 568 317 628 neque
337 548 481 623 Stratoni,
510 570 597 629 quem
618 549 883 611 Alexandrinorum
905 572 983 611 more
1003 556 1112 611 rariora
1133 554 1292 631 captavisse

222 663 349 728 constat,
379 655 550 715 insolentius
571 648 681 735 aliquid
709 656 836 715 tribuere
857 660 944 717 anxie
965 667 1008 717 est
1028 656 1194 718 verendum.
1235 658 1293 718 alia

221 762 341 837 insignis
362 761 501 820 audaciae
524 761 656 840 exempla
678 769 745 820 sunt
770 760 882 820 (hallin.
907 763 961 839 hg.
988 771 1046 826 530
1070 759 1116 823 ἐπὶ
1138 763 1233 845 τρύγα
1255 764 1274 824 δ
1281 760 1291 784 ²

220 859 299 944 εἶχεν
325 865 423 950 ἐδωδῇ
452 865 503 946 (ex
532 866 586 924 hac
615 867 748 951 analogia
777 869 862 926 etiam
890 868 1013 927 Theocr.
1035 873 1137 933 XVIII
1160 874 1177 931 8
1210 889 1292 950 prae

221 976 395 1053 positionem
423 993 483 1032 non
510 970 703 1044 adverbum,
734 971 786 1029 sed
815 971 852 1031 ad
882 973 1091 1033 substantivum
1113 972 1233 1055 referas)
1265 981 1295 1032 et

221 1076 388 1154 Antagoras
408 1078 490 1137 anth.
511 1077 575 1135 Pal.
599 1079 655 1137 VH
682 1083 749 1148 103,
772 1082 788 1137 3
814 1056 858 1156 sqss

345 1176 455 1265 ἄνδρας
476 1181 668 1264 ὁμοφροσύνῃ
688 1180 903 1262 μεγαλήτορας,
926 1172 968 1241 ὧν
990 1182 1050 1243 ἀπὸ
1069 1186 1171 1261 μῦθος

393 1284 471 1371 ἱερὸς
491 1289 594 1367 ἥισσεν
615 1285 771 1363 δαιμονίου
793 1284 953 1364 στόματος.

222 1393 378 1473 plurimum
398 1404 494 1454 autem
516 1394 560 1453 ab
576 1394 630 1451 hac
650 1400 733 1471 parte
748 1392 941 1453 Callimachus
954 1394 1010 1453 sibi
1024 1392 1145 1454 indulsit
1159 1393 1213 1472 frg.
1232 1398 1291 1455 213

418 1499 485 1560 ἀντὶ
506 1498 564 1580 γὰρ
585 1497 717 1578 ἐκλήθης
729 1486 879 1579 Ἴμβρασε
900 1498 1092 1581 Παρθενίου,

223 1603 274 1663 ubi
296 1604 506 1665 substantivum
527 1626 545 1663 a
564 1604 777 1686 praepositione
801 1623 893 1682 usque
921 1602 959 1665 ad
980 1606 1068 1664 finem
1090 1606 1230 1663 enuntiati
1250 1623 1294 1664 re·
1350 1599 1352 1602 ’

222 1717 332 1768 motum
353 1719 405 1784 est,
427 1720 460 1770 ut
478 1712 597 1769 nomina
617 1710 671 1771 sibi
695 1715 838 1772 contraria
860 1720 922 1771 arte
943 1719 1189 1790 componerentur.

308 1815 384 1875 Mira
404 1825 481 1875 certe
502 1816 574 1875 haec
596 1826 639 1875 est
658 1818 865 1878 vocabulorum
883 1819 1022 1890 traiectio,
1038 1815 1088 1875 sed
1110 1834 1147 1874 ne
1168 1835 1187 1874 a
1207 1834 1294 1895 prosa

222 1919 340 2000 quidem
371 1925 500 1982 oratione
529 1922 587 1981 tale
621 1925 690 2003 quid
723 1944 840 2004 prorsus
870 1922 971 1982 abesse
1000 1922 1083 1981 docet
1111 1917 1294 1999 Thucydidis

222 2007 303 2085 lo'cus
324 2029 365 2087 Vl
388 2034 425 2089 76
457 2026 507 2086 καὶ
530 2029 565 2087 οὐ
586 2029 652 2110 περὶ
675 2038 729 2110 τῆς
751 2027 931 2110 ἐλευδηρίας
959 2016 1017 2108 δρα
1040 2025 1107 2087 οὔτε
1130 2018 1211 2087 οὗτοι
1233 2033 1295 2086 τῶν

220 2123 371 2209 Ἑλλήνων
398 2128 470 2192 otr’
493 2129 520 2192 oi
546 2125 684 2213 Ἓλληνες
713 2142 768 2213 τῆς
788 2128 905 2195 ἑαυτῶν
924 2133 968 2215 τῷ
991 2130 1094 2213 Μήδῳ
1117 2128 1293 2211 ἀνέστησαν,

222 2236 289 2317 περὶ
311 2235 330 2297 δ
336 2233 347 2256 ’
370 2233 398 2296 οἳ
417 2235 473 2316 μὲν
493 2238 605 2320 σφίσιν,
628 2240 704 2299 ἀλλὰ
728 2239 772 2318 μὴ
794 2236 894 2321 ἐκείνῳ
916 2233 1180 2312 καταδουλώσεως,
1211 2232 1239 2296 οἱ
1260 2213 1290 2296 δ’
1314 2241 1316 2244 ’

222 2339 270 2402 ἐπὶ
292 2341 438 2404 δεσπότου
458 2348 613 2429 μεταβολῇ
636 2347 689 2406 οὐκ
706 2343 934 2426 ἀξυνετωτέρου,
956 2338 1229 2424 κακοξυνετωτέρου
1251 2340 1293 2418 δέ,

222 2448 274 2508 ubi
295 2453 469 2529 praepositio
491 2450 574 2531 περί,
601 2472 688 2531 quam
710 2454 797 2510 etiam
819 2453 850 2509 in
871 2449 1046 2530 anastrophe
1068 2450 1188 2509 liberius
1209 2468 1295 2529 saepe

222 2558 292 2636 poni
313 2555 445 2629 vidimus,
469 2555 583 2619 duriore
605 2556 689 2616 modo
711 2577 736 2615 a.
747 2558 882 2634 genetivo
897 2551 1149 2625 καταδουλώσεως
1163 2563 1295 2633 separata

223 2668 283 2735 est3
313 2663 344 2719 in
370 2663 510 2741 principio
540 2671 636 2721 autern
663 2664 805 2725 enuntiati
826 2662 921 2721 locum
942 2664 1051 2733 tenuit,
1075 2663 1159 2741 quasi
1181 2679 1295 2719 omnem

224 2767 394 2825 sententiam
415 2775 537 2843 regeret,
558 2787 622 2827 cum
644 2777 745 2847 postea
767 2770 829 2826 eius
849 2770 926 2827 vices
947 2768 1084 2846 suscipiat
1106 2761 1162 2824 ἐντί.

310 2872 346 2929 In
366 2873 524 2952 priscorum
540 2873 710 2931 Latinorum
728 2875 810 2952 poesi
831 2892 945 2953 semper
966 2874 1026 2931 fere
1046 2889 1137 2950 prope
1157 2868 1296 2928 adhaeret

224 2978 397 3057 praepositio
418 2976 606 3037 substantivo.
639 2987 736 3037 tamen
753 2980 810 3036 iarn
832 2977 911 3058 apud
932 2977 1077 3037 Lucilium
1098 2977 1230 3052 graviore
1247 2995 1295 3034 vo·

208 3063 327 3142 'cabulo
349 3081 520 3142 disiunctam
542 3085 704 3143 invenimus
724 3084 779 3159 srg.
800 3088 839 3144 37
864 3103 901 3141 ex
922 3084 941 3142 1.
965 3081 1091 3142 XXVII
1112 3081 1147 3139 L.
1171 3079 1297 3139 Mueller

224 3187 258 3251 in
280 3190 440 3251 concedere
461 3210 556 3252 αααυτ
577 3198 666 3272 arque
688 3189 729 3252 τά·
743 3210 778 3252 co
800 3190 876 3251 darc
897 3191 979 3273 quod
999 3194 1154 3271 spectatur
1175 3208 1294 3249 manus.

229 3295 299 3352 item
319 3294 458 3353 Afranius
478 3292 566 3352 Ribh.
589 3313 618 3373 p.
646 3300 703 3356 176
726 3314 770 3352 nr.
799 3298 834 3354 16

395 3399 483 3461 criden
503 3408 537 3460 ut
558 3399 689 3475 facccdc
711 3409 819 3462 contra
839 3396 978 3461 υααοοκίε
998 3391 1131 3480 putrem,

225 3512 262 3577 et,
285 3500 311 3563 ¹si
331 3503 443 3563 codices
457 3522 557 3563 verum
571 3503 725 3564 verborum
746 3501 877 3562 ordinem
897 3510 1054 3583 servarunt,
1077 3504 1163 3561 etiam
1175 3503 1296 3562 Plautus

225 3611 257 3669 in
278 3612 405 3669 carmine
430 3609 599 3668 ancillarum
617 3630 722 3669 novam
735 3617 855 3689 nuptam
870 3605 1074 3666 deducentium
1090 3607 1153 3667 Cas.
1170 3607 1215 3665 IV
1230 3615 1259 3682 4,
1281 3615 1291 3668 1

351 3715 463 3778 sensim
484 3736 577 3798 super
599 3716 701 3778 attolle
723 3715 815 3778 limen
831 3716 938 3797 pedes,
961 3735 1041 3775 αουο
1061 3724 1168 3795 nuptu.

227 3817 332 3879 deinde
353 3829 506 3901 postquam
528 3820 742 3880 Alexandrinos
764 3828 864 3900 poetas
882 3820 992 3878 Romae
1013 3817 1178 3894 diligentius
1199 3818 1296 3895 legere

226 3934 359 4004 coeptum
374 3934 426 3999 est,
441 3924 601 3984 difficiliora
615 3928 861 4006 praepositionum
882 3923 1044 4004 hyperbata
1064 3923 1295 3982 accrebruerunt.

225 4031 261 4090 cf.
285 4030 348 4091 (lat
373 4036 422 4104 64,
449 4038 505 4092 101

326 4158 395 4199 com
414 4158 537 4200 caccum
558 4136 682 4220 cupiens
704 4147 812 4199 contra
833 4134 1009 4197 contendere
1031 4143 1210 4207 monstrum,
