3034 4675
622 256 856 321 -115—

201 427 289 486 liuius
311 426 505 489 collocationis
527 446 642 486 causam
663 428 714 506 qui
744 436 821 487 reete
849 426 1016 503 intellegere
1042 427 1179 500 voluerit,
1208 446 1272 487 sen·

199 534 323 592 tentiam
344 551 409 591 eum
431 533 574 611 respicere
595 540 716 612 oportet.
751 534 843 592 omnis
863 534 1065 591 enuntiationis
1086 534 1129 591 vis
1150 552 1184 592 co
1206 552 1273 592 cou-

198 640 327 712 tinetur‚
351 636 430 717 quod
451 637 584 697 Socrates
605 656 789 717 corrumpere
809 635 1148 712 adulescentesdicitur3
1176 639 1275 716 itaque

199 747 229 804 si
244 745 408 804 memineris
422 749 542 816 veteres,
559 741 700 821 quidquid
718 744 749 801 in
771 745 913 802 sententia
931 742 1117 823 praevaleret,
1140 744 1170 802 in
1192 745 1273 802 initio

198 858 254 910 eut
275 849 333 908 fine
353 850 490 908 orationis
512 848 661 923 collocare,
677 830 767 927 atque
781 847 924 927 quidquid
945 849 1038 907 minus
1053 848 1170 922 valeret,
1187 850 1274 906 inter·
1317 871 1319 878 0

202 974 312 1036 ponere
333 964 362 1013 et
383 956 466 1038 qnasi
488 953 631 1012 occultare
649 971 711 1012 esse
731 952 839 1026 solitos,
861 952 944 1012 facile
966 955 1134 1034 perspicies,
1157 975 1216 1034 qua
1237 953 1274 1013 de

198 1080 290 1119 causa
321 1061 442 1139 scriptor
474 1058 658 1138 hyperbaton
690 1056 845 1117 admiserit.
898 1066 928 1116 at
954 1058 1087 1118 omnibus
1118 1059 1187 1120 locis
1219 1062 1274 1120 hoc

140 1159 145 1166 ’
202 1164 288 1225 modo
310 1166 439 1225 traiectio
460 1165 604 1244 participii
626 1163 764 1244 explicari
787 1164 903 1222 minime
924 1172 1033 1243 potcst3
1063 1164 1146 1224 multi
1174 1176 1274 1225 extant

201 1269 275 1342 loci,
309 1271 415 1349 quibus
446 1268 556 1329 nullam
588 1271 675 1330 aliam
706 1289 821 1329 causam
853 1269 942 1328 fuisse
971 1268 1095 1343 dixeris,
1125 1290 1211 1350 quam
1241 1283 1273 1331 ut

200 1378 342 1435 varietate
363 1384 451 1455 atque
472 1375 593 1433 artificio
614 1373 835 1454 perfunderetur
856 1376 955 1434 oratio.
1000 1374 1078 1433 haud
1101 1396 1165 1436 raro
1186 1380 1273 1457 parti·

199 1482 311 1561 oipinm
341 1476 455 1559 ξ’χωυο
484 1500 535 1541 suo
565 1479 677 1540 obiecto
706 1482 875 1560 interposito
903 1481 1067 1561 praedicato
1098 1460 1272 1559 adiungitur3

201 1587 241 1652 cf,
275 1586 369 1650 Tbuc,
399 1585 416 1644 I
446 1591 463 1647 9
494 1582 513 1643 d
542 1578 638 1664 ἦλθεν
664 1583 696 1644 ἐκ
723 1592 778 1663 τῆς
801 1580 902 1658 ,Ἀσίας
929 1583 1004 1665 ἔχων
1033 1586 1062 1657 ἐς
1092 1585 1275 1668 ἀνθρώπους

199 1688 343 1772 ἀπόρους.
379 1691 409 1751 id
431 1698 527 1750 autem
549 1694 673 1751 maxime
695 1698 738 1749 est
753 1687 1047 1763 animadvertendum,
1065 1701 1173 1771 quanto
1189 1696 1274 1754 inter·

200 1790 279 1857 vallo
308 1797 385 1856 haec¹
407 1798 543 1856 orationis
571 1796 699 1856 membra
725 1803 788 1855 arte
817 1797 892 1853 inter
919 1814 982 1854 sese
1009 1797 1192 1858 cohaerentia
1218 1785 1273 1860 dis·

202 1904 368 1980 iungantur.
413 1911 500 1981 atque
521 1910 625 1982 poetae
652 1900 706 1960 hac
734 1902 766 1959 in
787 1919 819 1959 rc
840 1901 1013 1981 peculiarem
1034 1902 1196 1963 libertatem
1218 1906 1274 1965 sibi

200 2006 394 2073 vindicarunt,
438 2009 494 2065 iam
525 2008 600 2065 enim
624 2006 767 2065 Homerus
795 2005 983 2066 audacissime
1012 2010 1192 2091 participium
1218 2022 1273 2071 tra·

184 2103 272 2172 'recu
293 2111 349 2173 οο.
371 2111 452 2172 xtn
477 2117 536 2174 eoo
560 2131 602 2191 sq.

833 2196 912 2277 ἀμφὶ
933 2194 966 2255 δὲ
988 2198 1095 2278 λαῖφος
1119 2155 1120 2158 ¹

358 2299 445 2379 ibose,
472 2300 487 2361 ὅ
510 2322 542 2362 κε
565 2298 722 2385 στυγέῃσιν
744 2300 816 2362 ἰδὼν
836 2301 999 2385 ἄνθρωπος
1021 2300 1134 2382 ἔχοντα.

200 2430 242 2490 cf.
262 2428 347 2489 Pind.
370 2429 459 2507 Pyth.
483 2432 513 2491 Π
538 2434 576 2489 25
599 2448 643 2507 sq.

496 2531 639 2604 ἐλθόντος
660 2532 717 2614 γὰρ
741 2524 874 2613 εὐνάσθη
895 2531 977 2607 ξένου

494 2636 659 2720 λέκτροισιν
680 2635 732 2698 ἀπ’
750 2636 920 2721 Ἀρκαδίας,

201 2769 234 2818 et
256 2759 379 2847 Theoor.
403 2757 430 2816 V
459 2764 515 2821 123

312 2879 386 2941 ἔθα
458 2880 466 2902 i
595 2876 603 2897 t
712 2877 726 2900 υ
760 2903 765 2912 ,
813 2878 821 2902 t
919 2879 928 2902 u
1032 2877 1041 2899 υ
1094 2880 1102 2902 t

327 2906 344 2941 υ
371 2903 412 2941 ιον
434 2902 489 2940 τον
511 2884 690 2958 κυκλαμινον
710 2901 817 2961 σρυσσο
841 2904 892 2940 rvr
914 2903 944 2953 ες
966 2883 1018 2941 τὸν
1031 2881 1163 2944 Αλουσα.

202 3005 247 3063 eis
269 3003 355 3077 locis,
386 3022 459 3081 quos
486 3004 776 3075 commemoravimus,
798 3002 994 3082 praedicatum
1015 3008 1140 3064 maxima
1160 3007 1190 3064 in
1212 3025 1275 3064 sen·

202 3112 296 3169 tentia
317 3111 486 3168 instructum
509 3127 571 3168 esse
592 3110 621 3165 vi
641 3106 724 3165 facile
746 3110 903 3188 percipies3
933 3117 1059 3170 attamen
1085 3113 1171 3169 etiam
1192 3131 1273 3170 voca·

205 3214 282 3275 bulis
303 3234 322 3273 a
342 3214 493 3294 participio
515 3214 676 3293 suspensis,
707 3232 741 3271 eo
772 3213 852 3292 quod
874 3213 1025 3274 dissociata
1046 3224 1127 3289 sunt,
1150 3219 1275 3293 gravitas
1364 3292 1367 3299 ι

203 3328 294 3399 atque
314 3318 445 3379 sublimis
466 3327 600 3378 accentus
621 3317 767 3378 tribuitur.
809 3338 847 3378 ne
875 3319 949 3378 forte
973 3319 1108 3381 lectorem
1129 3341 1167 3381 cx
1188 3322 1274 3400 longo

202 3431 299 3484 tractu
325 3423 519 3483 adnotationis
548 3423 694 3483 fastidium
722 3426 832 3501 capiat,
863 3426 1028 3503 simpliciter
1050 3427 1182 3487 indicabo
1205 3427 1276 3486 haec

202 3529 349 3610 exempla.
394 3529 499 3588 Aesch.
525 3527 581 3607 Ag.
607 3536 666 3591 279
689 3549 732 3608 sq.

394 3644 463 3724 ἑκὰς
485 3651 517 3712 dr*
531 3622 672 3743 ’,φρυκτοῦ
693 3663 758 3737 φῶς
781 3651 826 3714 ἐπ’
849 3654 984 3737 Εὐρίπου
1007 3653 1076 3739 ῥοὰς

394 3758 577 3819 Μεσσαπίου
599 3761 707 3841 φύλαξι
730 3761 867 3839 σημαίνει
887 3760 989 3838 μολόν.

203 3883 315 3964 Oocph.
341 3891 379 3946 64
403 3904 457 3963 σα,
491 3884 580 3962 Soph.
604 3885 709 3943 Trach.
734 3892 796 3947 955
820 3906 894 3966 sqq„
925 3890 1026 3969 Eurip.
1050 3888 1129 3949 bled.
1154 3896 1214 3952 473
1230 3908 1274 3968 sq.

411 4005 467 4089 ἐγώ
490 4031 521 4069 τε
542 4009 599 4089 γὰρ
621 4010 729 4082 ledaea
752 4013 997 4093 κουφισθήσομαι

410 4115 514 4193 ψυχὴν
534 4123 632 4187 κακῶς
654 4137 686 4175 σε
709 4116 757 4175 καὶ
781 4119 818 4177 σὺ
843 4118 965 4197 λυπήσει
988 4121 1095 4183 κλύων.

1088 4223 1123 4273 8*
