3034 4675
1331 292 1801 356 —181—

501 460 667 519 reddi
711 470 901 539 potest
940 465 1103 533 rati0,
1139 482 1289 541 quae
1333 462 1406 522 ad
1452 465 1643 522 omnia
1685 462 1996 541 hyperbati
2038 464 2302 543 exempla
2343 483 2461 522 una
2504 483 2635 523 con-

495 571 705 640 veniat,
766 587 894 626 cum
939 568 1107 627 modo
1150 571 1416 647 gravitati
1461 570 1733 627 orationis
1776 569 2099 627 consultum
2140 568 2419 642 videatur,
2466 568 2636 628 modo

493 676 884 745 concinnitati,
917 674 1011 732 hic
1039 675 1323 751 elegantia
1352 684 1409 732 et
1435 673 1741 743 subtilitas,
1775 674 1892 733 illic
1921 674 2145 733 subitae
2177 684 2234 733 et
2254 674 2638 733 immeditatae

474 781 773 838 *orationis
833 766 1050 859 species
1117 789 1457 858 quaeratur,
1528 778 1780 858 denique
1847 782 2017 838 etiam
2060 779 2382 861 complures
2427 778 2628 839 eodem

494 886 622 945 loco
667 893 1012 945 concurrant
1054 887 1322 958 rationes,
1369 887 1522 944 inter
1563 905 1707 964 quas
1737 884 1894 943 haud
1939 906 2070 944 raro
2117 888 2408 944 invenitur
2437 904 2638 944 versus

481 986 788 1070 ‘pangendi
831 989 1219 1049 commoditas.
1285 999 1480 1049 tamen
1524 990 1581 1049 id
1627 991 2059 1070 comprobatum
2091 1010 2216 1050 esse
2242 991 2383 1049 mihi
2413 990 2640 1049 videtur

495 1095 640 1155 duas
664 1115 805 1174 prae
831 1100 1035 1155 ceteris
1066 1099 1315 1154 rationes
1348 1097 1773 1155 insolentiorem
1803 1095 2106 1154 verborum
2140 1099 2340 1155 seriem
2367 1096 2634 1155 effecisse.

495 1203 828 1281 saepissime
891 1204 1042 1259 enim
1118 1200 1258 1260 illud
1324 1200 1575 1261 studium
1643 1202 2105 1273 observavimus»,
2190 1223 2290 1279 per
2358 1203 2510 1279 quud
2582 1211 2635 1259 st

498 1309 816 1386 pugnantia
845 1327 1037 1366 secum
1077 1318 1135 1365 et
1171 1307 1433 1366 similiter
1475 1309 1737 1366 sonantia
1776 1309 2058 1365 artissime
2102 1311 2368 1379 cnninngi
2418 1311 2635 1379 solemn

498 1412 638 1471 haec
695 1422 888 1473 autem
947 1415 1290 1471 consociatio
1335 1421 1394 1471 et
1435 1411 1510 1470 ad
1552 1432 1721 1471 aures
1764 1415 1950 1471 acrius
2005 1415 2210 1471 accidit
2270 1431 2322 1471 rt
2386 1415 2635 1471 :inimum

496 1517 712 1577 diutius
763 1521 824 1577 in
866 1518 1066 1577 eadem
1109 1520 1452 1595 cogitatione
1497 1517 1711 1594 defigit,
1759 1537 2036 1597 persaepe
2081 1519 2426 1576 intelli-ctum
2478 1519 2639 1575 adiu*

496 1632 592 1681 vat
634 1626 1065 1703 orationemque
1109 1622 1299 1681 reddit
1341 1624 1634 1682 fortiorem
1680 1632 1737 1681 et
1781 1623 2166 1681 efficaciorem.
2254 1647 2422 1703 :luam
2486 1627 2635 1679 enim

495 1728 612 1786 late
655 1736 851 1808 pateat
892 1732 952 1788 in
995 1748 1257 1791 sermone
1303 1728 1529 1788 Graeco
1573 1736 1631 1786 et
1672 1729 1881 1787 Latino
1926 1735 2246 1792 contentio.
2318 1751 2414 1807 prr
2462 1751 2635 1807 qur-nm

493 1837 779 1893 contraria
822 1842 1213 1926 conectuntur,
1262 1854 1379 1892 non
1424 1841 1510 1891 est
1552 1836 1843 1910 ignotum3
1890 1854 2080 1913 neque
2122 1840 2310 1895 mimis
2350 1835 2635 1891 celebr-ani

493 1949 581 1998 est
622 1940 803 1998 altera
844 1943 1006 2013 ratio,
1054 1939 1155 1997 illa
1196 1939 1602 1999 vocabulorum
1646 1959 1787 1998 sono
1832 1943 2266 2015 congruentium
2298 1943 2631 2019 rnnilzansitin

497 2046 595 2124 (cf.
644 2044 925 2104 Lobeckii
968 2045 1218 2124 Paralip.
1259 2065 1496 2121 gramm.
1544 2064 1801 2121 graecae,
1849 2043 2071 2103 dissert.
2106 2046 2138 2103 Ι
2182 2051 2210 2115 ξ
2258 2055 2374 2111 NJ.
2442 2051 2635 2123 itaque.

491 2171 528 2208 a
572 2151 804 2228 linguae
846 2162 1052 2210 natura
1094 2151 1334 2230 profecti
1377 2160 1582 2231 poetae
1627 2160 1683 2209 et
1726 2153 2028 2230 scriptores
2074 2150 2214 2211 illud
2246 2155 2635 2207 collocatinnis

491 2275 674 2333 genus
719 2259 777 2314 in
819 2257 1120 2315 artificium
1156 2240 1475 2329 'verterunt,
1524 2277 1653 2315 cum
1695 2254 1969 2343 audacter
2010 2258 2434 2335 insolam‚si-qm²
2470 2279 2631 2311 rmn-

495 2363 634 2422 bula
677 2364 1000 2441 traicerent,
1045 2371 1110 2421 ut
1152 2361 1553 2422 consuetudini
1595 2362 1680 2421 illi
1724 2363 2190 2441 obsequerentur.

666 2467 840 2544 Quod
886 2449 1093 2527 *autem
1157 2476 1363 2548 poetae
1425 2469 1653 2547 saepius
1717 2469 1997 2529 vocabula
2069 2479 2190 2527 arte.
2266 2471 2631 2523 cultam-untia

495 2574 817 2634 distrahere
873 2575 1217 2633 solutissime
1275 2582 1333 2632 et
1375 2593 1527 2653 quae
1584 2594 1615 2632 e
1673 2574 1899 2652 legibus
1942 2595 1978 2632 a
2020 2584 2222 2633 natura
2274 2579 2631 2651 piscari-*ipris

494 2682 622 2740 aliis
682 2682 943 2761 proxime
1000 2679 1369 2756 adiungenda
1426 2690 1623 2753 erant,
1682 2680 1973 2740 liberrime
2028 2683 2092 2745 in
2142 2679 2390 2735 alionum
2450 2679 2631 2735 inrum

495 2797 873 2866 transponere
895 2805 1015 2844 non
1047 2793 1182 2844 sunt
1209 2788 1395 2857 veriti,
1427 2785 1538 2844 hoc
1566 2788 1755 2865 ipsum
1785 2786 1981 2865 aliqua
2012 2805 2083 2844 ex
2113 2795 2274 2864 parte
2310 2787 2631 2859 linguarium

485 2883 694 2952 ⁴indole
752 2890 1158 2971 explicandum
1218 2900 1320 2950 est.
1406 2911 1543 2949 nam
1598 2893 1709 2949 nisi
1766 2893 2043 2949 sermonis
2096 2891 2334 2948 facultas-2
2394 2891 2510 2968 ipa-a
2558 2887 2631 2944 acl

497 2996 792 3078 quandam
837 3000 896 3055 in
942 2998 1130 3057 verbis
1175 2995 1549 3076 disponendis
1591 2996 1878 3054 licentiam
1915 3016 1978 3054 se
2004 2995 2226 3054 facilem
2262 2996 2631 3072 prrzmlmifisst.

496 3107 729 3175 omnino
773 3106 957 3182 poetis
1001 3123 1119 3161 non
1164 3102 1417 3161 licuisset
1460 3101 1637 3175 illam,
1677 3122 1794 3181 qua
1836 3104 1925 3161 usi
1968 3110 2119 3174 sunt,
2166 3102 2482 3156 'litua-tuton]
2534 3100 2631 3156 wl-

493 3213 763 3281 sciscere,
825 3210 1043 3288 quippe
1095 3228 1248 3288 quae
1306 3211 1530 3267 insueta
1582 3206 1939 3267 audientium
1995 3206 2230 3265 auribus
2290 3208 2631 3284 inqu-clitum

494 3317 712 3386 fuisset,
759 3315 1065 3393 quominus
1113 3316 1366 3372 carmina
1409 3333 1607 3371 eorum
1650 3321 1706 3371 et
1734 3311 2206 3388 intellegerentur
2236 3328 2290 3368 st.
2326 3312 2627 3388 placerent.

495 3421 643 3479 hanc
671 3422 1018 3499 opinionem,
1051 3439 1179 3478 cum
1201 3422 1418 3478 nitatur
1440 3420 1661 3476 ratione
1684 3426 1742 3476 et
1763 3415 1993 3491 iudicio,
2026 3420 2358 3476 confit-smmi
2386 3420 2631 3472 inanimi*

495 3545 563 3585 ea
619 3525 904 3584 liberioris
962 3524 1348 3583 collocationis
1406 3525 1701 3602 exempla,
1766 3542 1916 3601 quae
1972 3542 2045 3580 ex
2086 3523 2274 3580 Plauti
2322 3524 2631 3580 rninuwtliis

493 3633 904 3708 congessim1183⁴
947 3629 1057 3688 huc
1102 3639 1363 3707 Spectant
1405 3639 1541 3688 ante
1584 3631 1775 3687 omnia
1817 3627 2142 3706 hyperbata
2174 3632 2627 3684 riliintissstiunum

492 3737 854 3796 relativarum
909 3742 966 3792 et
1021 3733 1422 3795 collocationes
1466 3753 1618 3813 quae
1663 3733 1931 3792 dicuntur
1986 3731 2087 3791 διὰ
2138 3732 2354 3808 ffi'fflw,
2422 3736 2631 3812 quihus

491 3842 631 3901 locis
674 3849 902 3921 poetam
947 3860 1066 3897 non
1110 3849 1373 3898 ornatum
1418 3849 1473 3898 et
1519 3840 1862 3916 elegantiam
1902 3840 2278 3916 quaesivisse.
2338 3840 2430 3896 sm]
2482 3860 2627 3896 rum-

492 3949 682 4006 munis
739 3948 1016 4005 sermonis
1075 3954 1349 4004 sectatum
1411 3965 1536 4005 esse
1593 3939 2061 4003 consuetudinem
2116 3948 2478 4000 manifestum
2526 3956 2627 4000 cst.

494 4051 694 4110 eodem
752 4060 919 4131 pacto
982 4053 1129 4109 inter
1180 4051 1481 4109 artificiosa
1526 4051 1831 4130 hyperbati
1874 4068 2089 4126 genera
2129 4072 2246 4107 nnn
2298 4048 2627 4108 1·s‡'i21·÷›112:l1.1s

495 4165 581 4216 est
632 4158 871 4233 insignis
902 4156 999 4214 ille
1026 4156 1333 4216 verborum
1362 4155 1520 4228 orde,
1571 4176 1686 4234 quo
1717 4154 1870 4234 apud
1903 4155 2170 4213 Plautum
2206 4172 2254 4208 1⁴†
2294 4160 2627 4212 'l'vrvntium
