3034 4675
677 291 909 356 -118—

259 467 302 517 est
330 458 402 519 alter
424 459 606 541 Thucydidis
634 461 714 521 locus
735 462 780 521 IV
804 468 843 524 98
876 463 945 532 τοὺς
967 482 998 521 τε
1023 462 1143 542 νεκροὺς
1164 463 1239 521 πολὺ
1260 483 1333 539 μει-

259 563 349 640 ζόνιος
370 563 436 627 ἀντὶ
457 574 518 627 τῶν
539 562 627 648 ἱερῶν
648 567 805 638 ἀξιοῦντας
826 552 1002 627 ἀποδιδόναι
1028 566 1157 644 ἀσεβεῖν,
1185 566 1330 627 obiectum

258 671 327 743 τοὺς
349 672 477 753 νεκροὺς,
494 671 572 752 quod
593 671 631 731 ud
652 673 796 752 participii
817 674 1056 732 constructionem
1077 673 1212 748 pertinet,
1236 691 1270 730 ea
1292 670 1335 731 de

165 815 168 821 ·
259 795 345 835 conso
358 775 516 837 'traiectum
538 786 567 837 et
588 779 782 857 antepositum
804 785 855 850 est,
882 785 915 835 ut
935 796 1038 836 novum
1061 779 1263 855 cogitationem
1285 779 1328 836 iu-

258 880 365 940 ducens
385 884 521 942 maiorem
540 891 687 943 accentum
706 890 937 962 consequeretur.
966 902 1003 941 ex
1018 882 1139 943 Homeri
1153 882 1335 942 carminibus

257 996 384 1066 nostrum
405 1007 520 1050 causam
541 990 687 1065 attingunt
707 988 743 1047 ΙΙ.
767 988 799 1047 II
823 995 882 1050 795

420 1094 464 1176 τῷ
488 1116 541 1171 μιν
563 1081 717 1174 ἐεισαμένη
740 1092 856 1176 μετέφη
876 1091 972 1164 nidor
993 1090 1072 1153 ὠκία
1089 1082 1173 1175 Ἶρις,

255 1201 302 1260 ΙΙΙ
325 1202 385 1260 386

422 1301 495 1381 γρηῒ
513 1299 545 1361 ἀί
566 1324 618 1380 μιν
641 1301 736 1362 είκυῖα
758 1300 909 1383 παλεγενέι
930 1298 1111 1384 προσέειπεν.

257 1403 414 1467 X111235

346 1505 350 1512 “
425 1504 491 1568 ἀλλ)
514 1508 566 1589 ἀρε
588 1509 695 1589 τεύχεα
718 1510 930 1594 ἀεῢρολαβὼν
954 1507 1011 1585 ter,

257 1610 439 1676 0d.1V24
773 1614 776 1630 ¹
1012 1605 1022 1688 Ἰ
1047 1659 1050 1668 ,

384 1721 426 1797 βῆ
447 1711 476 1778 d’
502 1715 568 1797 ίμεν
590 1717 734 1800 ἀγγελέων
755 1719 806 1779 oro
828 1718 955 1798 ἀώματα
977 1715 1093 1796 ποιμένι
1115 1719 1206 1777 λαῶν.

257 1837 321 1899 vide
343 1840 469 1901 Schnorr
489 1862 517 1909 v,
540 1842 697 1902 Corolsfeld
730 1866 759 1924 p.
785 1851 834 1907 81.
878 1842 954 1903 idem
976 1843 1102 1901 cernitur
1122 1838 1273 1898 artificium
1295 1838 1332 1899 h.
1429 1904 1432 1910 ,

258 1944 344 2006 Hom.
367 1948 422 2007 12

394 2048 481 2111 ὅντε
504 2053 571 2113 θεοί
594 2053 672 2114 κατὰ
693 2053 782 2132 ἀῶμα
805 2052 879 2125 Διὸς
900 2050 1076 2134 τρομέουσιν
1099 2049 1191 2114 ἐόντα.

255 2171 375 2231 notabili
396 2184 491 2235 autem
513 2173 635 2236 audacio
654 2179 745 2237 utitur
766 2175 912 2237 Hesiodus
932 2176 1028 2252 theog.
1054 2182 1114 2237 793

451 2294 484 2369 ὅς
505 2320 555 2359 κεν
576 2298 631 2379 τὴν
652 2298 788 2383 ἐπίορκον
809 2298 977 2377 ἀπολείψας
998 2293 1149 2379 ἐπομόσσῃ

452 2403 627 2481 ἀθανάτων,
1217 2474 1220 2477 ,

257 2504 307 2564 ubi
336 2508 567 2584 coniungeudum
597 2519 640 2586 est
672 2508 705 2582 ὅς
733 2533 783 2571 κεν
808 2494 977 2571 ἀθανάτων
1006 2508 1061 2587 τὴν
1090 2507 1122 2589 (i.
1152 2524 1176 2565 e.
1209 2501 1332 2584 Στύγα)

257 2609 424 2688 ἀπαλείψας
453 2610 589 2695 ἐπίορκον
615 2612 776 2699 ἐπομόσσῃ.
819 2614 977 2675 dubiumne
997 2634 1065 2674 vero
1087 2611 1245 2692 posthaec
1266 2609 1327 2666 cui-

191 2782 195 2793 ,
257 2736 343 2796 quam
373 2735 435 2776 esse
462 2722 583 2797 poterit,
611 2723 683 2800 quin
705 2718 805 2779 eodem
828 2722 940 2780 ratione
964 2715 1175 2796 intellegendus
1195 2717 1232 2774 sit
1253 2713 1333 2773 elius

257 2821 384 2882 eiusdem
409 2818 513 2904 poetae
541 2825 636 2899 locus,
670 2825 720 2884 ubi
752 2824 790 2885 de
819 2825 946 2885 Hercule
976 2825 1048 2883 haec
1077 2823 1153 2882 dicte
1180 2821 1331 2917 leguntur,

161 2968 164 2973 -
256 2928 352 3006 theog,
373 2950 399 2988 v.
421 2937 482 2992 954
505 2950 559 3010 sq,

384 3052 493 3133 ὄλβιος,
516 3053 548 3127 ὃς
572 3053 649 3137 μίγα
672 3054 755 3139 ἐργον
777 3056 808 3117 ἐν
828 3054 1028 3117 ἀθανάτοισιν
1050 3052 1180 3122 ἀνύσσας

383 3160 457 3220 ναίει
479 3160 654 3240 ἀπήμαντος
676 3162 725 3222 καὶ
747 3162 877 3245 ἀγήραος
898 3161 1000 3240 ἤματα
1023 3157 1197 3218 πάντα-,9

256 3287 310 3344 etsi
332 3286 451 3345 verbum
473 3286 565 3346 ναίειν
578 3287 679 3348 eodem
698 3307 792 3361 sensu,
816 3308 874 3367 quo
896 3286 1019 3365 simplex
1042 3278 1126 3359 εἶναι,
1147 3283 1261 3362 saepius
1283 3285 1331 3336 est*

255 3400 432 3470 usurpatum,
455 3412 473 3449 e
494 3394 608 3470 tragicis
630 3392 747 3473 quidem
770 3401 799 3451 et
819 3390 1025 3451 recentioribus
1047 3391 1140 3471 poetis
1154 3386 1201 3468 (cf.
1213 3384 1325 3443 Meine·

256 3494 336 3552 kium
350 3493 387 3553 ad
402 3494 491 3576 Soph.
506 3495 541 3556 O.
559 3498 590 3558 Ο.
606 3520 636 3577 p.
654 3502 715 3560 230
733 3507 761 3556 et
771 3497 858 3558 Anol.
873 3496 959 3559 Alex.
975 3519 1004 3578 p.
1022 3497 1107 3579 239),
1131 3497 1171 3553 ite
1186 3500 1219 3551 ut
1233 3488 1331 3550 ναίειν·

255 3600 336 3659 nulle
356 3599 412 3658 loci
433 3601 641 3678 significatione
655 3601 754 3662 addita
775 3622 827 3683 per
848 3623 879 3663 se
901 3606 994 3683 ipsum
1015 3604 1085 3681 poni
1107 3601 1205 3681 possit,
1228 3605 1329 3655 tameo
1394 3608 1400 3619 ‘
1424 3588 1426 3592 ’

194 3772 197 3781 ,
255 3705 463 3785 simplicissime
491 3717 520 3766 et
546 3710 703 3768 rectissime
723 3710 812 3769 verba
841 3709 1042 3788 explicaveris,
1071 3710 1096 3767 si
1119 3704 1267 3783 Heyuium
1297 3708 1332 3760 et.

255 3812 455 3871 Hermannum
484 3821 598 3872 secutus
628 3811 658 3873 ἐν
687 3811 887 3875 ἀθανάτοισιν
913 3834 977 3874 cum
1011 3812 1103 3873 ναίειν
1130 3808 1329 3870 coniunxeris..

255 3925 405 3997 praetereo
433 3917 468 3977 of.
491 3916 646 3978 Simonidis
669 3921 845 3999 epigramma
873 3920 953 4002 anth.
975 3921 1037 3978 Pol.
1060 3923 1118 3983 VlI
1141 3901 1212 3987 677,
1241 3921 1252 3974 1
1280 3932 1328 3991 sq-

870 4040 904 4101 ὅν
925 4063 995 4102 ποτε
1018 4041 1124 4120 Μῆδοι

444 4144 606 4228 Σπερχεῖον
627 4145 763 4225 ποταμὸν
785 4154 903 4207 κτεῖναν
925 4146 1126 4226 ἀμειψάμενοι
