3034 4675
630 263 881 325 ...gom

236 440 289 500 ἸΙΙ
312 440 347 516 8,
370 438 563 498 Frituschium
592 438 631 498 ad
656 438 739 498 illum
760 438 909 497 Theocriti
931 439 1026 497 locum
1046 437 1077 496 in
1099 437 1169 498 edit.
1191 437 1311 511 minore,

225 534 685 617 '·ChristiiMetrikedit.a1t.p.
706 542 777 602 178.
806 548 876 602 nota
897 549 942 604 est
962 543 1139 603 consuetudo
1161 549 1312 618 poetarum

240 649 451 725 elegiacorum,
479 666 537 722 qua
557 652 769 722 pentametrum
790 648 833 708 ita
855 654 1023 710 constmere
1043 650 1153 724 solent,
1176 654 1209 707 ut
1238 649 1312 707 duae

244 771 345 813 versus
374 759 473 827 partes
502 753 647 813 adiectivo
676 759 706 811 et
734 752 917 814 substantivo
946 755 1147 816 terminentur.
1198 770 1255 827 qua
1281 755 1312 812 in

241 858 432 932 dispositione
453 875 539 932 saepe
562 837 773 918 substantivum
792 863 822 916 et
842 859 1017 926 adiectivum
1039 861 1071 919 in
1093 877 1178 935 pares
1197 860 1313 918 litteras

241 964 378 1023 exeuntia
406 964 623 1023 consonantiam
651 963 797 1037 quandam
825 963 1074 1028 hemistichiorum
1096 964 1241 1042 efficiunt;
1271 962 1311 1023 ci.

243 1069 420 1129 Menenium
442 1051 481 1128 aa
501 1069 615 1128 Gallim.
637 1085 667 1142 p.
692 1069 764 1130 265.
807 1069 860 1128 1110
888 1075 984 1128 autem
1012 1069 1189 1143 syllabarum
1210 1070 1313 1129 similis

240 1175 337 1252 exitus
359 1179 388 1232 et
410 1173 527 1233 auribus
543 1174 629 1233 valde
643 1173 800 1232 ¹blanditur
822 1180 853 1233 et
874 1183 1044 1234 concentum
1065 1176 1313 1238 hemistichiorum

243 1280 334 1353 magis
356 1280 541 1352 conspicuum
563 1279 670 1338 reddit.
707 1280 863 1354 praecipue
885 1281 1001 1353 quidem
1021 1288 1213 1356 pentametro,
1233 1281 1315 1340 cuius

243 1357 347 1444 natura
369 1385 539 1457 aequalitati
561 1384 686 1459 partium
708 1384 830 1444 mirifice
846 1383 934 1468 fauet,
950 1386 1005 1445 hoc
1021 1388 1172 1460 proprium
1186 1393 1239 1455 est,
1262 1386 1315 1444 sed

241 1492 330 1550 etiam
359 1491 521 1549 hexametri
548 1491 636 1550 medii
665 1495 695 1549 et
723 1490 846 1550 extremi
868 1507 967 1549 versus
997 1498 1103 1550 exeunt
1133 1493 1163 1550 in
1186 1491 1316 1565 syllabas

243 1597 379 1657 similiter
400 1601 600 1656 consonantes.
637 1593 675 1654 cf.
690 1595 799 1654 Philet.
822 1592 878 1669 frg.
900 1596 919 1653 2
943 1589 1063 1671 (Bergk.
1087 1596 1166 1654 anth.
1189 1597 1245 1668 lyr.
1267 1597 1315 1657 ed.
1395 1577 1404 1624 1

242 1704 295 1765 alt
318 1720 348 1775 p.
374 1695 450 1777 131)
724 1681 726 1685 ⁵

246 1809 248 1812 ’
397 1801 447 1862 καὶ
466 1800 525 1884 γάρ
546 1824 592 1873 τις
613 1799 728 1879 μελέοιο
750 1794 964 1885 κορεσσάμενος
984 1804 1155 1878 κλαυθμοῖο

469 1906 561 1985 κήδεα
585 1905 723 1966 δειλαίων
744 1902 820 1967 εἷλεν
840 1906 900 1966 ἀπὸ
921 1906 1088 1987 πραπίδων.

204 1995 206 2002 ’
237 2019 322 2092 quod
344 2017 498 2078 artificium
519 2018 578 2077 iam
592 2018 746 2092 Homerus,
763 2032 933 2090 quamquam
956 2033 1024 2075 raro
1044 2017 1096 2075 ille
1110 2017 1236 2090 quidem,
1258 2017 1316 2075 sibi

243 2123 378 2197 adscivit,
401 2128 434 2181 ut
456 2121 510 2182 Od.
533 2121 548 2178 I
571 2120 631 2180 397

440 2223 537 2305 αὐτὰρ
559 2221 633 2303 ἐγὼν
655 2220 748 2283 οἴκοιο
768 2212 841 2298 α’ναξ
865 2219 946 2301 ἔσομ’
968 2220 1133 2304 ἡμετέροιο,

242 2344 274 2393 et
296 2333 331 2394 Il.
353 2335 395 2392 VI
418 2333 490 2395 343.
540 2350 660 2393 caesura
688 2328 839 2394 trochaica
864 2335 896 2393 in
925 2334 1012 2394 tertio
1040 2335 1115 2408 pede
1142 2350 1256 2395 versum
1286 2335 1317 2394 in

245 2445 345 2514 partes
367 2439 440 2499 duas
466 2437 528 2501 fers
556 2455 643 2514 pares
665 2439 772 2498 dividit
794 2444 823 2497 et
843 2439 887 2498 ita
907 2446 1011 2512 poetae
1034 2439 1203 2499 facultatem
1226 2439 1317 2498 relin-

183 2610 185 2613 ,
243 2545 308 2616 quit
330 2560 379 2603 eas
399 2561 453 2618 per
475 2545 692 2604 consonantiam
718 2550 783 2602 arte
807 2545 963 2604 vinciendi.
1008 2550 1188 2618 pentameter
1210 2550 1316 2620 autem,

243 2667 311 2708 cum
333 2650 393 2708 eius
415 2665 535 2708 caesura
556 2665 675 2723 prorsus
696 2650 734 2707 sit
756 2649 887 2708 stabilita
913 2655 943 2708 et
967 2650 1023 2709 duo
1052 2651 1106 2709 illa
1134 2650 1319 2709 hemistichia

246 2769 347 2827 parem
368 2754 509 2812 ambitum
530 2754 666 2824 habeant,
690 2769 811 2827 quorum
823 2761 973 2813 extremae
991 2755 1121 2827 syllabae
1137 2771 1201 2813 cnm
1216 2755 1318 2813 eodem

245 2861 306 2918 ictu
328 2860 561 2933 pronuntiantur,
578 2863 700 2932 propter
719 2865 828 2918 certam
844 2860 920 2918 hanc
933 2861 1063 2934 regulam
1078 2866 1108 2918 et
1122 2861 1318 2919 membrorum

243 2965 462 3038 congruentiam
478 2964 737 3037 aequalitatemque
752 2981 838 3037 quam
853 2965 978 3023 maxime
992 2967 1207 3024 consonantiam
1228 2983 1317 3040 appe
1433 3010 1437 3019 ,

245 3070 341 3139 uehat,
368 3068 407 3131 cf.
429 3071 539 3144 Doerr‚
569 3069 631 3128 Der
658 3069 741 3128 Reim
767 3069 815 3129 hei
842 3070 898 3128 den
921 3068 1065 3128 Griecheu
1096 3066 1189 3145 (Lips.
1219 3067 1317 3149 1857)

246 3196 275 3250 p.
299 3178 350 3238 46.
393 3182 491 3235 tamen
520 3175 551 3234 in
580 3175 867 3234 hacconsuetudine
897 3191 1011 3233 versum
1030 3181 1243 3248 pentametrum
1264 3192 1318 3249 per

245 3281 470 3340 homoioteleuta
494 3281 740 3340 hemistichiorum
774 3280 917 3340 condendi
949 3286 1053 3354 poetae
1081 3296 1140 3339 non
1169 3280 1225 3339 sihi
1251 3287 1319 3339 sunt

246 3402 348 3459 pares3
379 3385 525 3445 rarissime
553 3386 629 3444 enirn
656 3385 747 3463 verba
767 3386 932 3444 huiusmodi
954 3386 985 3443 in
1006 3386 1086 3443 exitu
1108 3386 1237 3445 colorum
1258 3387 1317 3445 col·

245 3492 381 3549 locantur
402 3490 480 3563 apud
501 3490 613 3563 priscos
634 3489 811 3549 Graecorum
833 3480 991 3564 elegiacos}
1015 3488 1053 3547 of.
1071 3496 1108 3550 A.
1128 3492 1257 3566 Langen,
1281 3490 1317 3549 de

246 3595 372 3653 disticho
402 3595 579 3654 Graecorum
605 3590 733 3669 elegiaco
761 3613 791 3669 p.
816 3596 866 3666 16,
891 3596 930 3654 33
953 3613 1015 3671 sq.,
1037 3596 1191 3669 Hultgrem
1218 3596 1317 3655 obser·

247 3699 379 3758 vationes
407 3701 545 3759 metricae
572 3701 603 3758 in
631 3705 732 3774 poetas
755 3701 872 3774 elegiae.
897 3701 1000 3761 Graec.
1029 3709 1059 3760 st
1084 3702 1181 3760 Latin.
1225 3701 1318 3775 partis

248 3806 278 3864 II
301 3799 396 3881 (Lips.
422 3799 517 3880 1872)
540 3822 569 3878 p.
591 3794 630 3864 14'
650 3823 729 3878 sqq.;
761 3806 953 3865 Alexandrini
980 3807 1085 3865 deinde
1114 3814 1216 3880 poetae
1244 3807 1319 3865 hanc

249 3911 340 3985 legem
372 3911 462 3969 multo
495 3911 587 3984 magis
619 3909 854 3984 frequentarunt3
893 3912 924 3969 in
952 3912 1056 3986 primis
1084 3919 1179 3971 sutem
1212 3913 1318 3972 Roma·

248 4032 350 4074 norum
377 4015 471 4088 poetis
503 4015 638 4089 elegiacis
663 4015 699 4075 ab
730 4022 825 4075 aetate
857 4018 989 4090 Augusta
1021 4033 1057 4075 ea
1089 4022 1152 4075 erat
1184 4018 1317 4091 probata,

247 4123 290 4179 ita
312 4127 343 4180 ut
365 4120 473 4195 Latini,
496 4121 626 4192 quamvis
649 4121 753 4180 Graeci
775 4127 804 4180 et
825 4123 997 4196 praesertim
1019 4121 1212 4180 Alexandrini
1233 4139 1327 4196 prae:
