3034 4675
621 246 853 310 -161-

201 419 311 478 ficetur.
366 417 464 477 confer
501 418 588 475 etiam
620 415 784 495 exemplum
812 417 936 474 maxime
964 415 1091 474 notabile
1122 415 1271 496 Aristoph.

200 523 291 603 ch.
318 531 375 584 ιιι
394 542 436 598 sq.
480 549 481 554 ε

244 642 350 707 έόοσαν
372 623 459 703 δ’·οῧ
480 639 602 702 πώποτέ
621 664 668 703 σοι
690 642 767 721 πλὴν
788 634 891 725 πρῴην
912 639 996 701 πέντε
1017 640 1186 719 μεδίμνους,

143 749 147 754 ’
245 750 294 809 καί
309 758 406 809 ταῦτα
420 746 507 826 μόλις
524 746 619 819 ξενίας
642 748 759 829 φεύγων
781 745 887 825 ἔλαβες
909 747 986 806 κατὰ
1005 745 1123 825 χοίνικα
1144 750 1271 828 κριθῶν,

202 894 258 949 quo
287 873 350 932 loco
379 873 481 932 ultima
510 894 566 934 vox
596 876 729 955 κριθῶν,
760 892 834 950 quae
862 882 928 954 post
954 871 1115 951 μεδίμνοις
1141 873 1274 933 collocari

202 979 345 1049 debebat,
377 979 507 1055 longiore
534 982 683 1038 enuntiato
713 988 756 1037 est
789 981 925 1037 seiuncta.
979 998 1066 1058 porro
1095 977 1175 1038 eliud
1206 982 1275 1038 setis

202 1086 356 1144 inusitatae
377 1084 557 1164 parenthesis
578 1104 670 1161 genus
695 1085 869 1164 conspicitur
890 1084 1216 1164 Prop.1v15,34sq.

393 1229 396 1234 ·
421 1205 464 1267 tic
486 1203 579 1287 (cudit
601 1204 710 1287 irfieroo
733 1205 823 1286 lapso
843 1203 946 1287 puella
963 1205 1053 1286 ραιια)

343 1320 535 1373 cunctamen
555 1309 674 1393 pieton:
698 1309 780 1371 notio
801 1319 845 1371 oet
866 1308 1002 1391 sophicos
1024 1329 1123 1372 εννον.

207 1429 387 1487 enuntiatum
406 1431 608 1508 interpositum
629 1430 757 1487 continet
779 1431 958 1500 seutentiam,
974 1448 1061 1506 quarn
1076 1436 1161 1507 poete
1175 1438 1276 1508 postea

203 1530 320 1591 demum
356 1534 458 1607 infert,
494 1553 558 1593 cum
592 1552 626 1592 ea
658 1536 745 1593 fuerit
777 1533 991 1613 praeponenda.
1047 1543 1174 1593 ceterum
1203 1535 1276 1593 hoec

202 1637 383 1717 parenthesis
416 1642 526 1718 species
558 1640 709 1720 Propertio
741 1629 789 1698 e'st
816 1638 979 1711 familiaris,
1019 1641 1070 1717 qui
1100 1619 1275 1718 quamquam
1319 1656 1325 1666 ’

203 1747 318 1823 saepius
340 1744 481 1805 similibus
502 1754 546 1804 est
567 1765 644 1819 usus,
672 1755 769 1804 tamen
789 1747 1022 1825 perspicuitatem
1044 1746 1180 1802 orationis
1202 1765 1275 1803 nun-

202 1869 291 1929 quam
305 1850 435 1927 neglexit
448 1869 544 1929 neque
558 1852 614 1909 nisi
628 1849 781 1930 perbreve
795 1853 919 1928 spatium
936 1849 1121 1929 parenthesin
1132 1851 1277 1928 pertinere

201 1974 305 2034 passus
326 1954 465 2036 estivide
479 1956 710 2033 Hertzbergium,
734 1963 844 2034 quaest.
867 1954 954 2033 Prop.
972 1959 987 2016 Ι
1002 1975 1032 2033 p.
1053 1953 1134 2035 128).
1173 1952 1278 2013 deinde

201 2063 330 2119 animum
351 2059 485 2119 intendes
505 2060 542 2119 cd
564 2060 649 2119 Arati
669 2061 828 2119 Phaonem.
854 2064 914 2121 264
931 2078 995 2137 sqq.

331 2176 363 2238 αἱ
383 2176 440 2257 μέν
462 2177 544 2256 ὁμῶς
565 2178 661 2259 ὀλίγαι
683 2179 733 2239 καὶ
756 2176 905 2260 ἀφέχγεες,
928 2173 994 2236 ἀλλ’
1015 2176 1179 2255 ὀνομασταί

334 2276 383 2366 ἦρι
402 2283 453 2344 καὶ
475 2278 617 2366 ἕσπερίαι,
641 2286 720 2356 Ζεὺς
741 2280 777 2345 ‹l‘
799 2281 903 2359 αίτιος,
926 2279 1112 2358 εἱλίσσονται,

331 2388 347 2448 ὅ
370 2411 454 2471 σφισι
475 2391 525 2450 καί
548 2389 654 2473 θέρεος
675 2391 725 2449 καὶ
744 2389 889 2469 χείματος
910 2386 1085 2470 ἀρχομένοιο

333 2496 489 2574 σημαίνειν
510 2494 659 2557 ἐκέλευσεν
681 2492 878 2578 ἐπερχομένου
899 2491 926 2555 τ’
948 2493 1078 2576 ἀρότοιο.

202 2614 383 2694 parenthesis
411 2615 461 2674 illu
490 2617 568 2687 Ζεὺς
594 2607 624 2676 d'
650 2613 746 2687 αίτιος
768 2636 802 2675 eo
828 2623 871 2674 est
895 2616 1035 2692 insignis,
1066 2613 1144 2694 quod
1173 2613 1279 2673 deinde

203 2721 334 2797 seqnitur
356 2724 536 2781 enuntiatum
557 2721 719 2795 relativum,
735 2741 860 2800 quocum
882 2729 925 2779 est
945 2719 1155 2797 coniungenda„
1191 2722 1277 2778 inter·

204 2826 331 2904 ponitur¹
346 2827 432 2885 etiem
457 2829 533 2886 inter
555 2830 735 2886 enuntiatum
756 2827 930 2906 primarium
947 2834 976 2884 et
997 2824 1198 2886 secundarium
1219 2824 1279 2883 clio

205 2932 348 2989 sententie
373 2933 518 3011 primerio,
546 2941 692 3011 quaeant
717 2930 886 2990 antecedere
910 2940 964 2990 'aut
984 2930 1122 3009 subsequi
1143 2929 1276 2989 debebat.

205 3055 264 3114 qne
291 3033 387 3098 dere
417 3038 453 3096 cf.
482 3038 551 3096 Ter.
581 3035 638 3095 Ad.
669 3041 715 3098 III
742 3045 766 3109 1,
791 3044 808 3097 4
830 3057 873 3116 sq.

312 3139 459 3202 neminem
480 3139 576 3202 babeo
599 3175 641 3184 —
662 3139 744 3202 εοίαε
766 3160 879 3211 eumue,
902 3134 981 3200 Geta
1003 3146 1103 3198 autem
1124 3135 1171 3197 tio

817 3264 879 3306 νιοα
901 3245 986 3306 adest
1007 3278 1050 3285 —-

313 3371 366 3412 αεα
389 3371 477 3431 quem
499 3352 542 3413 od
564 3350 751 3413 obstetricem
772 3349 892 3411 mittam
919 3368 972 3410 neo
994 3349 1047 3431 qni
1068 3368 1171 3410 accer-

818 3462 867 3515 oot
884 3453 1075 3515 Aeschinem.

207 3579 282 3639 quoe
295 3559 413 3640 quidem
427 3562 563 3621 orationis
579 3560 670 3620 forma
689 3578 726 3617 ex
746 3557 894 3618 cottidiani
916 3559 1055 3617 sermonis
1073 3558 1280 3618 cousuetudine

208 3667 336 3745 profecte
351 3685 412 3725 esse
425 3661 548 3724 videtur.
582 3685 637 3723 nec
656 3665 714 3723 leto
737 3664 795 3722 fine
810 3664 896 3722 distat
911 3662 1090 3740 Theognidis
1105 3664 1277 3745 exemplum,

207 3770 285 3851 quod
309 3771 480 3829 Homericae
502 3768 634 3829 dictionis
656 3772 844 3829 imitationem
865 3767 969 3848 prodit,
998 3773 1076 3830 1312
1100 3789 1163 3848 sqq.

411 3891 527 3962 τούτοις
547 3884 650 3973 οἷσπερ
672 3900 724 3952 νῦν
744 3892 878 3973 ἄρθμιος
900 3889 953 3969 ἠδέ
974 3890 1060 3972 φίλος

361 3996 457 4073 ἔπλευ,
481 3995 555 4076 ἐμὴν
576 3994 609 4057 δέ
633 4001 775 4075 μεθῆκας
799 3997 945 4075 ἀτίμητον
967 3994 1125 4078 φιλότητα,

413 4103 448 4162 οὐ
468 4099 523 4181 μέν
544 4102 582 4181 δὴ
602 4102 711 4173 τοίτοις
732 4100 760 4183 y'
783 4097 870 4181 ἦσθα
892 4103 977 4184 eclog
998 4099 1150 4183 πρότερον.

259 4212 352 4259 Boldt‚
365 4212 458 4252 Dissert.
1094 4208 1121 4254 ll
