3034 4675
656 252 698 261 -
746 218 805 281 173
833 191 910 266 '-2

232 381 301 446 'vera
323 397 353 447 et
373 388 538 449 mutationis
563 388 658 463 specie
679 387 837 462 probabilis
858 391 1030 462 coniectura,
1053 411 1112 470 qua
1133 394 1163 450 iu
1180 413 1207 449 v.
1225 398 1241 454 3
1258 412 1301 471 sq.

232 492 435 554 vocabulorum
464 496 593 553 traiectio
621 492 754 564 tollatur,
787 479 962 573 quamquam
985 496 1068 553 multi
1093 499 1208 555 criticae
1232 500 1303 557 artis

231 597 357 674 palmam
379 600 409 656 in
434 598 478 657 his
500 598 595 659 verbis
625 598 802 675 corrigendis
831 608 913 659 erant
940 599 1088 677 adepturi,
1111 604 1219 662 nemini
1240 623 1302 661 sue·

232 704 325 761 cessit.
368 723 464 783 neque
492 707 608 763 omnino
638 704 690 763 hos
718 724 818 763 versus
845 704 975 782 indigere
999 715 1069 782 puto
1092 704 1301 780 emendatione,

231 810 287 866 uisi
318 808 396 888 quod
429 830 493 869 cum
524 809 718 870 Valckenario
745 809 878 888 λήματος
910 831 962 887 pro
988 810 1129 888 δείματος
1161 832 1301 889 reponen-

231 911 301 972 dum
334 924 392 990 eat3
419 924 567 991 praeterea
599 915 672 974 nihil
705 914 784 974 aliud
817 917 873 974 nisi
901 924 1006 975 restam
1036 918 1302 990 interpretationem

230 1021 396 1097 requirunt,
427 1039 514 1098 quam
544 1020 696 1081 Goellerus
724 1022 834 1097 primus
863 1030 907 1079 est
935 1019 1071 1081 odoratus
1100 1023 1130 1078 iu
1159 1040 1300 1080 commen-

230 1126 340 1184 tatione
372 1125 541 1184 scholastioa
569 1125 643 1184 iufra
677 1124 810 1185 indicata.
869 1147 959 1185 unum
994 1126 1067 1186 illud
1101 1125 1240 1204 δείματος
1271 1129 1302 1185 in

231 1229 388 1311 δείγματος
416 1239 555 1290 mutatum
573 1215 717 1307 displicet
745 1234 775 1290 in
805 1234 846 1290 eis
872 1252 947 1311 quae
974 1231 1061 1291 homo
1083 1231 1183 1292 doctus
1205 1230 1301 1308 dispu-

230 1339 317 1411 tavit3
347 1345 446 1395 contra
473 1338 543 1395 scite
572 1339 708 1395 orationis
722 1345 906 1422 structuram
928 1337 1038 1397 detexit
1059 1338 1147 1397 verba
1165 1336 1203 1395 ad
1225 1337 1302 1396 hune

230 1441 348 1501 modum
375 1441 511 1501 ordinans
538 1439 723 1521 μαρνάμενοι
753 1439 786 1501 δὲ
814 1442 913 1501 κοινὸν
936 1439 1038 1522 Ἀίδην
1062 1436 1169 1526 ’βραβῆ
1195 1441 1302 1504 ἔθεντο

231 1547 339 1628 ἀρετῆς
359 1546 410 1606 καὶ
431 1546 565 1625 λήματος
578 1546 628 1606 καὶ
649 1548 703 1607 οὐκ
717 1545 854 1607 ἐσάωσαν
869 1542 981 1631 ψυχάς.
1018 1569 1115 1628 neque
1134 1551 1302 1609 inusitatum

230 1653 384 1732 hyperbati
406 1673 497 1731 genus
518 1661 674 1732 estusque
697 1652 774 1732 quod
797 1656 825 1711 vi
855 1661 884 1712 et
913 1654 1038 1713 efficacia
1062 1665 1172 1730 careat3
1203 1658 1299 1736 immo,

198 1829 201 1834 Ι
231 1761 257 1817 si
278 1778 364 1838 quem
386 1759 489 1818 horum
508 1767 624 1836 gustum
646 1759 756 1833 habeo,
780 1758 902 1818 vividior
923 1768 952 1817 et
971 1760 1073 1820 fortior
1093 1780 1127 1819 eo
1147 1761 1180 1819 fit
1200 1763 1300 1822 oratio.

229 1932 308 1980 minis
330 1931 476 1980 eliciendas.
513 1937 592 1993 atque
615 1931 726 1993 primum
748 1930 854 1993 quidem
878 1945 967 1979 versus
986 1935 1000 1982 5
1019 1939 1046 1980 et
1063 1933 1079 1981 6
1097 1933 1206 1994 delevit,
1229 1935 1299 1995 quod

229 2021 330 2084 periodi
342 2035 439 2069 nexum
451 2021 585 2069 turbarent
595 2028 685 2083 utpote
697 2021 807 2069 eundem
816 2022 970 2068 sententiam
980 2021 1132 2071 exhibentes
1140 2036 1219 2083 quam
1227 2021 1301 2070 disti·

230 2111 298 2160 chon
309 2110 420 2174 primum
432 2116 458 2157 et
472 2101 554 2176 ζυγὸν
565 2103 663 2175 αὐχένι
676 2108 788 2160 τιθέναι
799 2110 833 2157 de
844 2110 941 2157 victore
952 2117 1054 2159 tantum
1066 2110 1202 2160 diceretur.
1220 2110 1299 2159 etiam

229 2200 328 2262 priores
346 2199 374 2246 in
391 2198 477 2248 verbis
490 2190 574 2264 ζυγὸν
603 2195 699 2263 αὐχένι
712 2201 807 2269 θέντες
818 2199 959 2246 haeserunt
977 2199 1226 2274 et‘enrendutiouem
1238 2206 1301 2247 sunt

229 2287 458 2353 periclitaturum
474 2288 638 2336 Duentrerus
656 2288 673 2338 l.
688 2290 713 2338 d.
728 2303 753 2351 p.
767 2289 800 2339 50
818 2284 889 2355 ζυχῴ
903 2284 1008 2356 αὐχένα
1027 2282 1123 2346 ὐύντες
1134 2295 1160 2338 et
1171 2288 1298 2351 Bergkins

230 2371 313 2443 ζυγὸν
327 2374 423 2442 αὐχένι
438 2376 456 2428 d
460 2371 541 2435 ὐντις.
567 2385 596 2426 at
613 2376 755 2439 Gregorius
768 2376 958 2440 Nazianzenus,
976 2393 1054 2441 quem
1072 2379 1160 2427 locum
1180 2379 1298 2443 Diltheyi

229 2466 424 2516 benevolentiae
442 2467 533 2532 debeo,
545 2467 657 2528 aliquem
672 2467 845 2528 antiquiorem
857 2473 963 2530 poetam
976 2475 1080 2516 secutus
1096 2467 1200 2529 scripsit
1212 2463 1298 2532 (pure-
1385 2489 1388 2503 v

230 2562 305 2618 cepta
324 2557 356 2603 ad
374 2555 498 2619 Virgines
513 2571 538 2604 ν.
557 2556 606 2606 640
627 2571 665 2618 sq.
684 2555 774 2619 Migne
792 2555 834 2604 III
856 2572 880 2619 p.
900 2553 960 2615 628)

379 2636 516 2712 τολμήεις,
536 2637 565 2702 ὃς
582 2644 692 2713 πρῶτος
710 2641 832 2714 ἐμήσατο
854 2637 1102 2715 θῆραύαμιίσσαι.

382 2735 429 2783 καὶ
448 2729 531 2798 ζυγὸν
549 2728 647 2800 αὐχένι
665 2733 733 2797 θῆκε
750 2736 797 2783 καὶ
815 2725 921 2799 ἤγαγεν
938 2724 1015 2803 ἅρμα
1033 2730 1168 2800 πέλωρον,

228 2822 342 2884 graviter
365 2810 527 2886 corruptum,
552 2838 605 2872 uon
628 2824 813 2885 interpolatum
836 2837 893 2872 esse
912 2824 1015 2872 ridetur
1034 2822 1139 2871 tertium
1157 2822 1298 2870 distichon.

228 2909 336 2958 alterum
361 2910 462 2960 Sitzleri
488 2913 622 2961 inventum
645 2913 778 2974 pertinens
796 2913 862 2961 illud
881 2914 914 2960 ud
931 2920 1094 2975 praesentem
1110 2911 1298 2973 quaestionem,

228 3014 280 3062 quo
301 3006 331 3047 ut
350 3000 512 3064 hyperbaton
528 3009 672 3049 removeret
690 3001 856 3050 scribendum
874 3015 931 3049 esse
947 3001 1060 3050 coniecit
1078 2992 1251 3070 μαρνάμενοι
1271 2992 1296 3048 d'

229 3081 332 3157 ’Ἀρεως
343 3090 390 3138 καὶ
404 3092 544 3157 Δείματος
556 3083 606 3140 οὐκ
621 3084 748 3140 έσιὲωοαν
761 3081 862 3156 ψυχάς,
875 3090 927 3137 iam
939 3090 1043 3138 silentio
1059 3090 1199 3152 praeterire
1210 3089 1297 3137 liceat.

227 3184 327 3226 namet
345 3193 361 3225 a
375 3179 505 3227 sententia
522 3185 548 3226 et
559 3194 576 3227 a
588 3179 757 3241 grammatica
768 3179 868 3227 ratione
887 3186 1061 3228 commentum
1075 3179 1141 3228 iilud
1159 3177 1297 3241 respuitur.

227 3269 316 3329 itaque
339 3268 366 3315 in
390 3268 507 3317 versibus
531 3269 546 3317 3
571 3280 596 3316 et
618 3269 635 3317 4
660 3270 693 3317 de
715 3268 867 3316 traiectione
887 3282 940 3316 una
962 3276 1001 3316 est
1024 3270 1190 3330 cogitandum
1214 3280 1298 3328 neque

227 3357 302 3405 aliter
318 3357 457 3420 iudicarit,
484 3358 527 3419 qni
551 3357 699 3420 nuperrime
722 3359 755 3405 de
779 3358 829 3406 hoc
848 3357 965 3405 earmine
985 3357 1046 3418 egit.
1071 3357 1210 3406 Richterus
1229 3357 1298 3405 enim

227 3442 270 3507 (de
295 3447 375 3510 epigr.
399 3447 591 3509 Chaeronensi,
623 3446 741 3495 Malchin
769 3446 845 3508 1883)
870 3462 1027 3511 quamquam
1052 3456 1155 3510 praeter
1178 3446 1298 3495 ultimum

228 3534 359 3583 distichon
381 3550 471 3584 omues
496 3549 586 3584 versus
609 3536 710 3597 spurios
734 3544 760 3583 et
784 3536 816 3584 ab
836 3537 938 3584 rhetore
964 3538 1077 3597 quodam
1098 3533 1174 3595 primi
1191 3548 1215 3595 p.
1235 3532 1297 3580 Chr.

228 3624 325 3672 saeculi
343 3626 500 3689 compositos
522 3625 660 3686 existimat,
679 3632 765 3673 tamen
785 3625 863 3673 verba
881 3624 925 3672 iila
945 3620 996 3674 οὐκ
1014 3602 1140 3675 induras
1159 3613 1253 3688 ψυχάς
1270 3620 1297 3668 in
1325 3671 1327 3675 .

227 3712 340 3760 mediam
358 3714 563 3763 enuntiationem
586 3714 694 3762 alteram
711 3714 870 3777 transposita
888 3727 944 3761 esse
962 3714 1088 3762 concedit.
1124 3713 1194 3773 quod
1211 3716 1297 3757 autem

227 3800 296 3849 hanc
311 3801 443 3851 insolitam
462 3802 629 3865 parenthesin
646 3810 723 3865 poeta
743 3802 950 3864 indignissimam
962 3801 1033 3862 dicit,
1045 3816 1085 3849 me
1105 3815 1158 3849 non
1176 3797 1297 3848 assentiri

227 3903 305 3953 supra
318 3891 441 3956 indicavi,
452 3893 531 3940 immo
543 3891 619 3939 aliter
631 3892 713 3940 oratio
725 3906 847 3957 maguam
858 3891 1000 3939 venustatis
1013 3897 1145 3953 pateretur
1156 3890 1298 3945 iacturam

228 3977 289 4028 item
302 3994 360 4028 cum
373 3981 487 4043 Bergkio
500 3981 625 4029 dissentio
643 3996 659 4029 a
674 3981 797 4030 Richtero
816 3982 844 4030 in
863 3995 903 4043 eo,
916 3983 986 4044 quod
1004 3980 1054 4031 hoe
1072 3991 1176 4028 carmen
1193 3975 1297 4038 poetico

227 4067 332 4129 ingenio
357 4084 463 4131 prorsus
487 4083 575 4117 carere
595 4077 621 4116 et
641 4070 688 4117 hos
706 4071 849 4119 versiculos
868 4070 932 4118 tales
952 4083 1008 4118 esse
1028 4067 1174 4130 contendit,
1193 4063 1299 4126 ‘quibus

228 4156 325 4206 similes
345 4158 471 4207 fabricare
493 4158 644 4206 facillimum
663 4159 756 4208 fuerit.
