3034 4675
1260 279 1728 343 -102—

426 453 750 527 explicatur
768 498 782 527 ,
843 455 997 513 inter
1054 460 1250 529 partes
1295 454 1677 527 appositionis
1699 451 2061 529 intercedat,
2128 460 2192 513 ut
2236 433 2403 512 Hom.
2449 452 2558 513 Od.

421 553 622 618 xxlv
669 558 792 618 334
819 540 822 544 ’
852 552 911 626 ἐς
953 543 1153 636 πατέρ’
1218 553 1576 615 Αὐτόλυκον
1631 554 1859 636 μητρὸς
1916 553 2089 637 φίλον
2130 564 2190 618 et
2234 558 2306 617 11.
2351 558 2561 618 xxm

427 664 548 724 612
570 708 584 735 ‚
645 664 806 724 cuius
865 664 1096 724 dicendi
1157 666 1382 739 generis
1439 666 1741 739 complura
1797 666 2066 738 exempla
2122 680 2194 723 ex
2226 663 2562 744 „Homericis

423 769 776 829 carminibus
821 770 1145 842 composuit
1188 768 1441 829 Schnorr
1485 789 1541 829 v.
1578 768 1921 845 Carolsfeld,
1957 769 2183 829 verbor.
2224 771 2358 829 coll.
2387 770 2560 829 Hom.

422 894 482 950 p.
533 875 646 947 143
694 880 1000 956 praeterea
1037 873 1112 934 cf.
1154 860 1367 935 Aesch.
1412 874 1628 949 Coeph.
1668 876 1823 951 764,
1864 876 2069 950 Eurip.
2116 876 2421 951 Hipp-„64
2453 894 2560 949 sq„

423 978 626 1056 Apoll.
671 980 866 1040 Rhod.
912 980 997 1038 IV
1045 975 1651 1071 268‚*Schneid.erum
1696 981 1772 1040 ad
1816 980 2043 1042 Gallim.
2086 982 2242 1055 h'ym.
2287 981 2370 1039 IV
2415 980 2557 1054 271,

421 1085 835 1165 Apollonidem
879 1068 1042 1146 anth.
1088 1085 1214 1146 Pal.
1259 1085 1373 1145 vn
1409 1087 1569 1161 642,
1612 1086 1644 1145 1
1708 1104 1818 1163 sq„
1864 1087 2007 1146 Hor.
2037 1104 2212 1145 carm.
2243 1087 2273 1144 1
2320 1086 2419 1157 29,
2466 1084 2558 1143 111

423 1193 525 1265 24,
574 1192 655 1250 42
681 1231 696 1261 ,
743 1189 827 1247 IV
873 1192 930 1260 8,
977 1190 1079 1253 81.
1168 1208 1406 1265 prorsus
1450 1197 1644 1250 autem
1694 1191 1757 1250 in
1814 1198 1996 1251 semet
2044 1193 2206 1266 ipsae
2263 1196 2397 1250 sunt
2452 1191 2559 1248 im-

420 1298 674 1371 plicatae
717 1295 826 1354 hae
872 1296 1021 1357 duae
1063 1298 1344 1357 orationis
1385 1303 1587 1371 partes
1631 1298 1691 1355 in
1734 1297 2015 1370 Aeschyli
2051 1296 2161 1371 frg.
2205 1297 2324 1356 185

828 1421 913 1498 πῇ
954 1412 1064 1491 μὲν
1108 1414 1359 1493 δίδυμον
1395 1414 1627 1492 χθονὸς
1670 1412 1970 1497 Εὐρώπης

827 1517 1014 1600 μέγαν
1059 1516 1168 1597 ἧδ’
1204 1512 1408 1591 Ἀσίας
1449 1517 1709 1602 τέρμονα
1762 1522 1975 1594 Φᾶσιν,

420 1623 521 1705 ubi
566 1646 747 1705 verba
803 1648 888 1705 ita
927 1654 1062 1705 sunt
1103 1645 1490 1706 construenda
1544 1639 1733 1723 μέγαν
1786 1644 2002 1717 Φᾶσιν,
2046 1640 2297 1719 δίδυμον
2332 1640 2561 1719 χθονὸς

420 1743 722 1825 Εὐρώπης
763 1743 861 1825 ἠδ’
892 1740 1096 1817 Ἀσίας
1137 1743 1415 1828 τέρμονα.
1489 1753 1879 1813 Romanorum
1918 1759 2125 1827 poetae
2168 1751 2409 1825 elegiaci
2451 1751 2559 1809 hac

419 1854 735 1915 artificiosa
778 1863 837 1915 et
887 1862 1156 1916 contorta
1212 1856 1593 1916 collocatione
1651 1875 1820 1931 quam
1874 1858 2209 1933 saepissime
2260 1863 2394 1916 sunt
2447 1856 2555 1931 usi,
2627 1845 2635 1856 ’

420 1967 488 2019 ut
530 1978 760 2020 versum
800 1978 906 2036 per
936 1967 1103 2021 notas
1133 1962 1266 2021 illas
1310 1960 1587 2021 formulas
1618 1962 2079 2036 conformarent3
2128 1980 2199 2021 ex
2241 1963 2558 2021 innumeris

419 2062 545 2124 fere·
599 2068 878 2140 exemplis
933 2067 1047 2126 duo
1104 2083 1287 2139 eaque
1351 2062 1606 2141 insignia
1669 2068 1877 2130 afferre
1934 2067 2186 2129 sufficiat
2239 2068 2413 2142 Prop.
2473 2067 2559 2127 IV

421 2170 521 2242 17,
570 2172 648 2231 27

622 2294 943 2358 curvaque,
998 2272 1364 2357 Tyrrhenos,
1411 2271 1765 2358 delphinum
1803 2296 2092 2358 corpora,
2136 2286 2356 2339 nautas

322 2384 326 2387 ’
419 2404 478 2458 et
521 2399 626 2458 ov.
671 2407 782 2462 art.
819 2370 920 2458 '111
966 2401 1088 2461 206

752 2538 1014 2600 parvus,
1061 2519 1170 2580 sed
1211 2540 1365 2580 cura
1401 2520 1657 2601 mande,
1700 2518 1958 2593 libellus,
2001 2539 2177 2602 opu-3.

417 2641 495 2702 ad
537 2642 903 2718 hyperbaton
931 2643 1313 2718 appositionis
1355 2645 1590 2717 eiusque
1621 2644 1870 2704 nominis
1913 2642 2121 2703 referri
2149 2650 2342 2719 potest
2382 2632 2558 2704 etiam

419 2747 481 2806 id
540 2748 900 2807 traiectionis
964 2765 1173 2823 genus,
1234 2749 1389 2822 quod
1445 2749 1602 2824 apud
1661 2749 1969 2808 articulum
2021 2749 2352 2824 attigimus3
2427 2751 2557 2810 dieo

416 2854 815 2912 traiectionem
883 2854 1072 2927 qualis
1143 2860 1233 2914 est
1304 2847 1410 2910 τόν
1474 2871 1541 2910 σε
1595 2855 1799 2930 χοροῖς
1851 2847 2173 2927 μέλψαντα
2230 2848 2556 2932 Σοφοκλέα.

419 2959 622 3019 eadem
662 2975 837 3020 causa
872 2962 1128 3020 cernitur
1169 2961 1230 3018 in
1261 2959 1653 3032 Apollonidae
1681 2975 1853 3019 versu
1882 2960 2042 3019 anth.
2069 2960 2195 3019 Pal.
2226 2961 2313 3018 IX
2344 2959 2488 3034 287,
2520 2960 2550 3018 1

595 3061 628 3099 ⁹
673 3077 711 3138 ὃ
748 3078 890 3160 πρίν
933 3078 1045 3160 ἐγὼ
1088 3075 1401 3139 Ῥοδίοισιν
1446 3074 1785 3154 ἀνέμβατος
1828 3073 1982 3158 ἱερὸς
2026 3075 2202 3159 ὄρνις.

417 3219 533 3262 non
609 3206 858 3265 alienum
898 3223 1056 3272 ,esse
1131 3193 1364 3266 videtur
1424 3206 1520 3263 hic
1586 3219 2035 3264 commemorare
2099 3205 2218 3264 alia
2271 3202 2564 3277 exempla,.

417 3309 625 3382 quibus
697 3327 1014 3383 pronomen
1081 3313 1386 3386 personale
1458 3310 1724 3369 similiter
1795 3309 2238 3382 transgreditur.
2340 3309 2424 3368 sic
2495 3310 2557 3366 in

417 3413 631 3472 Callini
674 3415 783 3488 frg.
833 3419 868 3474 2
911 3419 1126 3491 Bergk.
1175 3435 1228 3478 v.
1280 3418 1359 3475 20

675 3530 874 3615 ὥσπερ
913 3533 1030 3616 γάρ
1071 3559 1176 3612 μιν
1220 3533 1443 3614 πύργον
1485 3524 1548 3591 ἐι)
1590 3514 2003 3612 ὀφθαλμοῖσιν
2045 3529 2266 3613 ὁρῶσιν

416 3657 839 3719 interveniente
909 3663 1251 3735 pronomine
1313 3657 1738 3719 substantivum
1810 3650 2034 3733 πύργον
2106 3658 2271 3730 quasi
2342 3658 2557 3726 diutius

418 3771 775 3823 reservatum
839 3767 1019 3839 magis
1071 3767 1323 3823 effertur.
1411 3779 1587 3838 porro
1644 3764 1756 3822 huc
1814 3762 1874 3820 in
1917 3764 2120 3837 primis
2164 3763 2557 3861 cadunthri·

418 3871 606 3939 stoph.
654 3867 807 3927 Ναὶ).
855 3871 971 3927 25Τ

674 3983 875 4067 &mr-eg)
919 4007 991 4063 με
1035 3987 1139 4047 τὸν
1171 3975 1527 4063 ’Ἀθάμανθ’
1584 3984 1745 4057 ὅπως
1784 3985 1869 4064 μὴ
1914 3985 2138 4046 θύσετε

418 4119 478 4167 et.
522 4111 695 4184 vesp,
743 4111 863 4171 353
