3034 4675
336 494 466 552 que
511 484 744 553 poetaS,
802 478 1138 553 praesertim
1183 478 1497 535 carminum
1545 480 1867 554 epicorum,
1899 480 2259 555 xsaepissime
2305 476 2336 535 ὃ
2379 474 2501 553 μὲν·

337 580 440 637 vel
488 579 518 638 ὁ
559 576 624 639 ὁὲ
669 582 728 638 in
760 584 1040 659 principio
1073 583 1354 639 enuntiati
1382 583 1688 653 invenitur,
1737 580 1892 659 quod
1923 580 2029 641 sub
2060 582 2233 640 finem
2268 581 2490 661 periodi

338 684 709 746 substantivo
762 684 960 744 addito
1023 689 1342 745 accuratius
1387 685 1673 753 definitur.
1763 688 1852 745 his
1895 695 2087 746 autem
2134 690 2192 746 in
2236 688 2492 746 formulis

336 788 372 848 ὃ
438 793 790 870 primitivam
849 812 1010 850 suam
1069 794 1183 849 vim
1245 802 1303 851 et
1343 801 1608 851 naturam
1654 813 1792 871 prae
1833 811 1895 850 se
1938 793 2087 870 ferre
2131 793 2493 854 manifestum

335 906 450 953 est.
521 896 864 975 plerumque
897 899 977 954 sic
1021 916 1233 954 nomen
1277 900 1573 976 proprium
1616 896 1917 970 indicatur,
1956 871 2094 981 xcum
2139 899 2311 977 paulo
2356 907 2492 955 ante

335 1004 464 1058 iam
507 1004 757 1079 positum
803 1004 891 1073 sit,
954 1004 1035 1060 ita
1085 1011 1149 1061 ut
1192 1023 1224 1060 e
1267 1003 1681 1061 sententiarum
1725 993 2248 1080 conexu'intellegi
2296 1009 2488 1081 [mss-iti

339 1105 509 1180 quod
565 1107 907 1166 vocabulum
965 1109 1320 1185 pronominis
1377 1090 1502 1166 loco
1562 1111 1909 1185 cogitatione
1968 1112 2043 1168 sit
2086 1109 2484 1189 supplendum,

337 1212 444 1268 hic
488 1212 790 1271 verborum
839 1211 979 1271 ordo
1023 1209 1098 1269 ad
1138 1214 1361 1272 articuli
1400 1214 1768 1292 hyperbaton
1796 1204 2045 1274 *minime
2074 1214 2269 1272 referri
2300 1213 2488 1281 sisini-ai,¹

339 1336 479 1374 cum
523 1316 668 1375 illud
727 1316 758 1377 ὃ
805 1314 876 1377 δέ
931 1318 1007 1377 ab
1066 1320 1290 1377 articuli
1348 1328 1555 1377 natura
1614 1317 1868 1393 differat3
1938 1318 2039 1377 sed
2086 1322 2271 1399 potius
2320 1345 2488 1397 affim-

345 1424 574 1480 sitionis
620 1425 1013 1482 traiectionem
1059 1425 1456 1503 appellaveris
1536 1425 1607 1482 cf.
1658 1426 1827 1482 Hom.
1876 1424 1947 1481 Il.
1997 1426 2053 1483 V
2101 1433 2217 1486 519
2252 1445 2336 1501 sqv

523 1528 662 1597 τοὺς
705 1522 761 1586 δ’
799 1526 1032 1587 Αἴαντε
1077 1528 1201 1588 δύω
1246 1530 1346 1590 καὶ
1379 1524 1709 1599 Ὀδυσσεὺς
1754 1529 1853 1587 καὶ
1900 1529 2213 1608 Διομήδης

521 1631 785 1713 ὤτρυνον
831 1633 1108 1705 Δαναοὺς
1151 1625 1556 1713 πολεμιζὲμὲν.

349 1736 505 1796 haud
549 1759 680 1797 raro
723 1742 892 1797 etiam
939 1741 1347 1820 appellativum
1391 1750 1592 1819 postea
1634 1741 1877 1799 infertur
1933 1743 2055 1799 sive
2098 1740 2492 1819 explicannniffi

348 1845 470 1902 sive
503 1848 937 1923 perspicuitatis
979 1864 1168 1919 causa,
1215 1867 1342 1904 cum
1373 1854 1546 1923 poeta
1587 1832 1749 1905 initio
1783 1866 1904 1904 rem
1926 1848 2099 1926 quasi
2129 1848 2267 1903 satis
2300 1857 2492 1901 numm

350 1952 691 2025 pronomine
753 1948 1176 2028 designaverit,
1251 1950 1461 2010 deinde
1526 1959 1751 2024 autem,
1799 1961 1891 2009 ut
1953 1950 2229 2011 auditoris
2300 1957 2492 2009 auium

350 2056 538 2113 minus
596 2075 768 2130 quam
824 2056 932 2115 sibi
988 2059 1097 2136 ipsi
1148 2065 1528 2134 praesentem,
1592 2056 1861 2115 disertius
1921 2060 2092 2115 etiam
2135 2061 2364 2115 nominu-
2416 2061 2492 2113 in-

353 2157 518 2218 dicet.
605 2180 728 2219 non>
779 2165 975 2241 inepte
1019 2161 1448 2221 Schoemannus
1493 2161 1531 2219 l.
1582 2182 1629 2219 c.
1690 2185 1745 2240 p.
1798 2169 1873 2223 30
1931 2162 2086 2221 hunc
2143 2165 2492 2239 pronominis

352 2285 516 2323 usum
573 2286 701 2325 cum
762 2287 828 2325 eo
887 2270 1266 2346 comparavit,
1331 2287 1500 2344 quem
1562 2268 1621 2324 in
1677 2267 1983 2332 vernaculo
2042 2287 2304 2326 sermone
2368 2293 2488 2345 pru-

355 2392 563 2431 nomen
611 2393 726 2448 „er,
775 2376 874 2446 sie,
923 2378 1021 2431 es“
1072 2373 1262 2445 habet,
1307 2373 1463 2452 quod
1498 2394 1616 2431 non
1645 2372 1816 2450 plane
1847 2371 2088 2432 eandem
2117 2375 2233 2430 vim
2264 2386 2484 2429 exuri-vi

352 2486 526 2557 atque
586 2498 903 2558 pronomen
962 2478 1498 2551 demonstrativum,
1561 2478 1661 2536 sed
1725 2459 2140 2557 nonnunquam
2194 2476 2271 2536 ad
2332 2501 2484 2557 prm·-

350 2583 666 2662 parandam
723 2585 1013 2643 notionem
1073 2594 1272 2663 postea
1332 2584 1550 2648 illatam
1607 2585 1859 2642 inservit.
1963 2585 2069 2641 hac
2125 2593 2312 2643 autem
2376 2605 2488 2661 qua

353 2688 522 2748 modo
582 2689 831 2748 diximus
889 2693 1112 2749 ratione
1153 2689 1476 2768 complures
1519 2689 1631 2746 loci
1672 2692 1733 2746 in
1778 2690 2098 2747 Homericis
2142 2689 2488 2746 carminibus

354 2793 744 2872 explicantur,
806 2794 1016 2875 quibus
1079 2815 1278 2853 caveas
1333 2815 1410 2853 ne
1466 2794 1539 2852 de
1598 2794 1822 2852 articuli
1879 2797 2212 2854 traiectione
2256 2801 2484 2870 cagia-s.

353 2900 434 2956 sic
490 2899 560 2956 Il.
609 2900 639 2958 I
686 2905 804 2962 348
866 2900 903 2978 ἡ
957 2891 1016 2959 δ’
1070 2890 1310 2960 ἀέκουσ’
1356 2894 1487 2978 ἅμα
1545 2905 1698 2959 τοῖσι
1757 2898 1903 2979 γυνὴ
1959 2898 2082 2957 κίεν
2138 2906 2488 2976 pronominis¹

355 3005 506 3062 vices
547 3007 788 3063 sustinet
831 3006 868 3085 ἦ
913 3002 1009 3080 δέ,
1067 3007 1158 3064 cui
1203 3007 1350 3063 infra
1393 3007 1815 3065 substantivum
1864 3003 2009 3084 γυνή
2054 3003 2284 3062 accedit.
2384 3010 2488 3062 miv

358 3113 526 3168 ctiam
566 3108 817 3191 pertinet
859 3111 928 3168 ΙΙ.
977 3111 1008 3167 Ι
1055 3117 1173 3172 382
1207 3132 1334 3190 sqq.

566 3209 668 3295 ἧκε
714 3207 772 3276 δ”
825 3205 920 3275 ἐπ’
973 3215 1283 3298 Λργείοισι
1329 3213 1513 3273 κακὸν
1555 3213 1759 3292 βέλος·
1809 3210 1863 3272 οἳ
1908 3210 1977 3270 δέ
2020 3235 2089 3270 νυ
2132 3214 2262 3272 λαοὶ

565 3324 835 3400 θνῆσκον
880 3320 1304 3402 ἐπασσύτεροι·
1352 3321 1428 3380 τὰ
1473 3313 1534 3380 (5³
1586 3311 1847 3401 ἐπῴχετο
1891 3319 2042 3394 κῆλα
2085 3321 2259 3379 θεοῖο

567 3420 767 3509 πάντῃ
811 3427 927 3486 ἀνὰ
969 3427 1230 3509 στρατὸν
1274 3427 1448 3508 εὐρὺν
1487 3417 1761 3503 Ἀχαίων.

355 3530 493 3589 illud
536 3531 612 3590 τὰ
661 3529 731 3591 δέ
766 3553 882 3612 quo
926 3541 1161 3611 spectet,
1206 3535 1323 3590 iam
1367 3531 1554 3590 verbis
1599 3522 1700 3608 ἧκε
1737 3528 1922 3588 κακὸν
1963 3527 2136 3606 βέλος
2180 3530 2484 3590 indit-,utum

323 3644 472 3710 vest,
531 3636 633 3695 sed
691 3640 1111 3716 perspicuitatis
1158 3656 1331 3695 causa
1373 3639 1525 3715 κῆλα
1571 3637 1744 3695 θεοῖο
1794 3633 2193 3715 apponiturl).
2284 3638 2488 3694 similia

527 3873 570 3940 1)
604 3877 660 3926 Si
686 3878 804 3939 quis
830 3879 1060 3939 miratur,
1104 3879 1364 3938 quomodo
1400 3876 1528 3924 illud
1566 3873 1632 3924 τὰ
1672 3870 1741 3921 δέ
1771 3873 1872 3920 iam
1911 3886 2002 3933 per
2038 3887 2093 3921 se
2130 3875 2296 3936 ipsum
2344 3878 2484 3922 'nuwi-

355 3966 457 4027 legi
486 3947 672 4027 possit,
710 3969 946 4015 conferat
985 3967 1280 4028 exemplum
1317 3966 1471 4027 quale
1513 3971 1593 4012 est
1629 3963 1692 4011 Il.
1730 3962 1892 4010 XXII
1928 3963 2028 4011 400

661 4049 929 4124 μάστιξέν
966 4049 1010 4124 ῥ’
1054 4047 1238 4115 ἐλάαν,
1264 4049 1353 4104 -τὼ
1391 4049 1445 4103 δ’
1489 4047 1589 4103 οὐκ
1626 4043 1822 4102 ἄκοντε
1859 4051 2153 4114 πετέσθην.

356 4143 735 4192 substantivum
773 4144 851 4190 vel
891 4158 1097 4205 nomeu,
1150 4146 1216 4190 ad
1253 4144 1393 4204 quod
1431 4138 1506 4190 τώ
1548 4140 1617 4190 δέ
1650 4141 1974 4188 referendum
2013 4137 2095 4201 sit,
2146 4138 2198 4184 in
2244 4138 2316 4184 eis
2356 4154 2484 4194 qum·

461 4233 641 4282 Boldt,
668 4234 850 4275 Dissert.
