3034 4675
579 269 858 370 ‘-72-

214 496 291 558 quae
312 477 401 537 verba
422 486 455 535 ut
475 485 554 535 recte
576 476 735 557 explicent,
766 478 936 555 interpretes
965 473 1037 533 duas
1061 478 1291 535 constructiones

214 582 270 641 hoc
291 582 353 642 loco
376 585 533 662 permixtas
556 602 618 641 esse
638 575 746 656 dicunt,
769 585 810 641 ita
823 590 857 641 nt
870 578 1071 653 dnoerrodni
1083 597 1113 638 τι
1130 582 1150 643 i.
1167 601 1191 640 e.
1216 584 1286 641 ‘sich

119 753 123 770 ,
207 695 305 764 ¹etwas
327 688 521 762 abwaschen',
545 696 573 746 et
594 685 741 762 ἀπονίζειν
763 710 793 747 τι
818 689 837 745 i.
861 706 885 745 e.
910 684 1011 745 ‘durch
1032 685 1179 745 Waschen
1201 690 1287 748 reini-

214 794 279 871 gen'
296 791 421 872 quodam
443 791 528 852 modo
551 791 779 868 confundantnr3
804 791 882 873 ἀμφὶ
905 788 939 851 δὲ
957 790 1071 872 μήρονς
1091 800 1187 852 antem
1208 793 1287 854 idem

167 912 169 918 ’
213 898 311 958 valere
331 917 365 956 ac
386 899 530 976 simplices
551 882 727 959 accusativos
748 898 864 976 κνήμας
882 906 912 955 et
933 894 1026 978 λόφον
1047 916 1084 954 ex
1106 895 1161 956 Od.
1177 903 1208 962 Il
1226 907 1288 963 153

214 1004 395 1083 comprobari
423 1011 535 1083 putant.
589 1013 620 1063 at
648 1004 739 1064 multo
768 1004 880 1064 thollius
910 1022 997 1083 quarn
1025 1010 1155 1062 contorta
1179 1004 1230 1062 illa
1258 1015 1305 1064 er

215 1111 301 1168 nimis
322 1117 419 1167 coacta
440 1110 677 1188 interpretatione
697 1118 790 1169 totum
812 1110 906 1168 locum
928 1107 1133 1187 explicaveris,
1160 1111 1184 1167 si
1207 1110 1295 1193 ἀμφί

216 1233 268 1293 per
289 1213 411 1290 liguram
432 1213 492 1273 ἀπὸ
513 1222 613 1275 κοινοῦ
633 1215 670 1274 ad
693 1217 803 1295 priores
824 1216 1001 1274 accusativos
1021 1217 1183 1274 retraxeris.
1228 1239 1287 1277 om·

214 1322 284 1378 nino
305 1340 364 1377 non
386 1338 449 1378 esse
468 1320 688 1380 abiudicandam
708 1322 828 1380 Homeri
844 1319 1018 1379 carminibus
1039 1319 1114 1378 hanc
1134 1320 1290 1383 verborum

215 1423 431 1483 collocationem
450 1434 572 1506 apparet
593 1446 630 1485 ex
648 1426 728 1500 locis,
751 1446 824 1505 quos
845 1427 932 1505 paulo
952 1426 1027 1485 infra
1047 1426 1171 1484 afferam.

301 1529 390 1610 Apud
411 1540 511 1609 poetas
525 1533 644 1590 Latinos
663 1531 749 1591 huius
764 1533 874 1608 figurae
886 1552 955 1591 usus
976 1534 1007 1590 in
1028 1533 1293 1612 praepositionibus

215 1636 307 1698 multo
328 1639 423 1695 minus
446 1645 488 1695 est
509 1637 677 1711 celebratus,
693 1656 790 1716 neque
807 1646 963 1716 antequam
976 1637 1099 1697 Romani
1113 1638 1290 1698 Alexandri-

215 1762 319 1801 norum
350 1751 440 1802 artem
473 1744 578 1802 imitari
609 1752 774 1823 coeperunt,
810 1745 927 1801 omnino
958 1747 1108 1822 reperitur.
1154 1745 1190 1803 ci.
1224 1745 1313 1805 Cat,¹

109 1919 114 1924 ἱ
219 1852 377 1925 55,3sq.

465 1945 491 1996 te
514 1952 623 2016 campo
643 1931 847 2016 quaesivimus
868 1935 994 2007 minore,

465 2051 492 2101 te
514 2038 546 2100 in
567 2037 658 2111 circo,
681 2049 708 2099 te
731 2037 763 2098 in
786 2039 924 2100 omnibus
947 2038 1065 2112 libellis,

217 2184 393 2245 quamquam
414 2184 473 2223 non
495 2171 604 2221 certum
627 2170 670 2220 est
691 2160 721 2219 id
742 2162 921 2237 exemplum,
944 2183 1010 2222 cum
1031 2163 1078 2222 hic
1100 2183 1233 2245 quoqne,
1256 2176 1295 2225 ut

201 2273 249 2328 .in
277 2267 434 2349 Simonidis
469 2252 676 2346 epigrammate
707 2287 794 2343 supra
826 2277 1054 2341 commemorato,
1084 2270 1207 2346 simplex
1239 2273 1289 2331 ab·

217 2375 322 2435 latirus
353 2382 383 2435 et
411 2394 476 2433 cum
505 2375 718 2450 praepositione
742 2376 911 2433 coniunctus
932 2393 995 2433 sese
1016 2376 1149 2450 excipere
1168 2381 1291 2452 possint.

221 2478 321 2540 eadem
342 2482 415 2539 ratio
437 2475 590 2537 intercedit
612 2476 665 2537 Ov.
688 2487 740 2537 art.
763 2480 780 2537 l
804 2487 831 2553 7,
856 2484 894 2539 23
912 2498 955 2558 sq.

829 2583 971 2668 aequoreo
992 2585 1077 2647 unda

428 2689 515 2752 debet
536 2701 562 2752 et
590 2713 609 2752 a
638 2689 737 2752 radiis
768 2689 877 2752 sideris
899 2710 962 2752 eece
988 2690 1084 2772 piper.

219 2795 271 2855 sed
285 2805 362 2855 recte
376 2796 617 2871 praepositionem
633 2794 692 2854 ἀπὸ
707 2802 807 2854 κοινοῦ
823 2798 946 2870 positam
968 2795 1119 2873 intelleges
1134 2796 1197 2863 Cet,
1210 2801 1258 2869 33,
1270 2804 1291 2857 5

408 2916 462 2964 ocur
481 2910 541 2962 cion
564 2901 689 2963 anilium
710 2901 867 2981 molasque
887 2901 919 2964 in
943 2922 1014 2964 orae
1038 2899 1112 2982 (itis)

217 3006 307 3083 Verg.
330 3005 404 3065 Aen.
427 3006 473 3065 Vl
496 3010 555 3067 692
1212 3091 1213 3094 ¹

325 3134 401 3196 quas
416 3131 470 3194 epo
489 3121 515 3173 te
537 3122 637 3173 terror
654 3122 812 3196 etpotamo
829 3132 889 3194 per
912 3131 1048 3195 aequora
1069 3121 1184 3177 vectum

327 3215 467 3299 scorpio?

220 3323 292 3381 Hor.
317 3325 399 3400 epist.
415 3322 453 3379 ’Π
479 3316 505 3400 l,
530 3327 567 3382 24
584 3341 627 3399 sq.

493 3506 495 3511 y
627 3426 751 3502 foedera
774 3446 880 3507 repam

361 3531 407 3593 ocl
430 3526 541 3593 Gabris
562 3531 608 3593 nel
629 3553 697 3593 cunc
719 3529 829 3612 ripida'a
850 3541 980 3613 aequata
999 3530 1136 3605 Sabinis,

219 3645 248 3696 et
269 3655 355 3695 carm.
378 3636 427 3694 ΠΙ
450 3641 499 3708 25,
525 3640 542 3696 2

407 3762 483 3825 qnae
504 3760 630 3803 nemora
652 3750 704 3802 ont
725 3761 801 3823 quoa
824 3760 901 3822 opor
922 3739 954 3802 in
975 3739 1104 3823 specus?

219 3847 270 3906 ubi
291 3844 357 3905 vide
378 3845 561 3924 Bentleyum.
922 3826 924 3835 χ

305 3951 451 4010 Articulus
479 3970 596 4031 quoque
621 3950 780 4027 elegantius
809 3952 839 4008 in
869 3954 965 4025 priore
993 3950 1121 4012 membro
1152 3954 1296 4010 omittitur

220 4075 307 4134 quam
329 4058 359 4114 in
381 4058 546 4131 posteriore,
570 4064 602 4114 ut
621 4055 746 4114 Tlreocr.
768 4055 829 4113 XV
849 4061 888 4118 58

337 4160 430 4221 ἵππον
452 4159 502 4220 καὶ
523 4159 576 4218 τὸν
595 4159 716 4240 ψυχρὸν
738 4158 807 4241 ὄφιν
827 4160 866 4219 τὰ
887 4160 1019 4238 μάλιστα
1042 4159 1175 4222 dedot‘unr.
