3034 4675
647 198 882 261 -142-

227 368 300 429 illud
333 369 436 430 ‘homo’
467 378 535 429 ante
564 368 706 428 ‘hominis'
737 368 877 428 collocare
912 369 1062 448 persuasit.
1113 368 1298 425 inveniuntur

228 478 314 536 etiam
340 476 485 555 permulta
513 476 661 555 exempla,
697 472 804 552 quibus
832 473 1001 533 attributum
1031 455 1060 531 et
1087 471 1298 532 substantivum

229 579 284 641 hoc
305 589 390 661 pacto
412 580 603 656 diducuntur3
625 580 663 644 cf.
684 578 780 638 Plaut
803 579 886 659 Oapt
903 582 918 640 I
934 583 961 651 2,
987 584 1025 640 76
1041 598 1095 658 sq„
1117 579 1189 638 Hor.
1213 575 1295 658 epod.

228 690 257 757 2,
283 690 337 759 37,
361 685 414 747 Or.
438 705 493 745 am.
515 689 546 748 II
570 691 605 759 2,
630 692 648 749 3
670 704 730 764 sep,
763 685 827 743 fest
854 683 899 742 IV
925 690 979 759 133
1016 684 1081 744 Liv.
1103 683 1184 743 XXI
1202 689 1251 753 29,
1277 689 1294 744 6

228 813 298 853 cnm
318 812 354 854 ro
375 792 430 876 qui
445 792 570 875 primm
591 812 622 855 rr
645 790 800 854 obtulisset
820 788 982 853 &maor
1004 789 1160 852 cerumar.
1199 786 1296 866 aliquo

228 894 321 955 modo·
337 897 511 957 insolentior·
528 905 572 955 eat
591 897 721 956 traiectio
744 896 816 953 Hor.
839 913 925 953 carm.
949 894 965 954 I
985 899 1034 965 22,
1063 900 1097 955 17
1122 912 1165 972 sq.

460 1038 541 1102 poree
562 1039 609 1081 me
625 1018 730 1102 ptyra
749 1017 807 1080 atr·
826 1017 913 1080 nulla
933 1018 1051 1100 campio

464 1125 561 1188 ardor
583 1125 697 1188 acation
718 1134 876 1186 recreatur
897 1144 986 1189 aura.

229 1244 427 1328 illudentem
458 1246 574 1306 difficile
602 1255 631 1305 et
659 1247 785 1305 maxime
813 1223 979 1304 inusitatum
1008 1244 1205 1325 hyperbaton,
1241 1266 1299 1326 quo

229 1351 439 1411 substantivum
459 1354 490 1410 in
513 1355 692 1411 enuntiatum
714 1350 865 1410 relativum
893 1352 934 1408 ita
955 1352 1160 1429 transpositum
1182 1360 1240 1425 est,
1268 1361 1300 1409 ut

228 1453 267 1514 ad
289 1458 467 1535 pronominis
493 1458 614 1517 formam
641 1465 775 1516 accurate
803 1474 835 1516 se
862 1475 921 1516 non
940 1456 1066 1536 applicet
1088 1466 1117 1515 et
1137 1466 1297 1536 componat,

229 1570 329 1640 poetas
342 1561 435 1622 solum
449 1566 622 1622 recentiores
640 1559 790 1621 admisisse
803 1559 896 1621 video.
931 1563 972 1620 sic
993 1561 1104 1621 locutus
1123 1570 1167 1622 est
1179 1560 1300 1622 Ovidius

229 1687 284 1726 am.
308 1668 357 1726 HI
379 1673 407 1739 5,
436 1673 471 1729 13
494 1689 537 1748 sq.

343 1789 505 1852 caradion·
527 1790 610 1874 qaod
631 1788 729 1853 actor
751 1788 869 1872 apamio
891 1789 1087 1853 stridentibua
1109 1789 1187 1852 albet

411 1903 439 1956 et
458 1896 549 1958 modo
571 1895 727 1969 siccatam,
748 1894 834 1969 lactc,
856 1893 998 1978 relinquit
1020 1917 1114 1969 ovem,

232 2022 261 2072 ot
282 2015 344 2079 her.
366 2016 398 2074 X
426 2022 483 2078 110

426 2137 497 2213 itio,
519 2139 574 2222 pai
593 2139 701 2215 niuea,
727 2138 852 2213 Tarra,
874 2139 984 2211 areat,
1009 2138 1111 2203 daber.

318 2275 479 2336 Adnectam
508 2278 663 2353 nonnulla,
694 2299 769 2360 quae
798 2278 938 2339 affinitate
958 2276 1085 2358 quadam
1107 2299 1171 2340 cum
1193 2281 1242 2354 eis,
1265 2278 1302 2339 de

232 2381 337 2462 quibus
369 2383 505 2460 agebam,
539 2388 702 2469 coniuncta·
721 2395 797 2445 sunt.
853 2387 877 2445 si
909 2387 986 2445 enim
1018 2387 1154 2444 orationis
1185 2385 1303 2465 aliquod

232 2488 393 2548 membrum
416 2493 575 2549 sententiae
596 2493 748 2571 primariae
771 2499 801 2550 et
820 2489 1005 2550 secundariae
1026 2509 1176 2549 commune
1196 2500 1247 2564 est,
1271 2491 1302 2550 id

232 2596 338 2673 passim
361 2596 392 2653 in
414 2594 583 2654 secundaria
603 2595 697 2656 solum
719 2599 844 2671 ponitur,
861 2594 940 2655 unde
960 2594 998 2653 ad
1020 2597 1183 2676 primariam
1205 2599 1301 2656 auimo

200 2782 202 2785 ι
232 2706 276 2759 est
296 2698 493 2779 repetendum,
516 2699 606 2759 veluti
628 2700 751 2760 Theocr.
775 2699 837 2759 VII
860 2708 877 2762 4
901 2720 944 2779 sq.

437 2819 491 2883 tto
513 2820 601 2882 τέκνα
624 2822 795 2893 Aaronem
817 2819 849 2881 εἴ
866 2821 899 2881 τί
918 2845 973 2904 περ
995 2821 1106 2883 ἐσθλὸν

433 2919 519 3012 priora
539 2935 601 2987 τῶν
622 2925 788 3000 introeo,

232 3068 284 3128 ubi
303 3076 451 3127 oonsuuas
473 3062 585 3128 ἐσθλόν
599 3088 628 3127 τι
651 3064 683 3127 εἴ
697 3066 730 3127 τί
741 3088 796 3149 περ
812 3065 924 3128 ἐσθλόν
939 3065 1001 3127 ἐστι
1013 3062 1109 3153 lawr.
1132 3067 1203 3128 illud
1217 3070 1305 3145 igitur

235 3170 346 3233 ἐσθλόν
367 3193 397 3232 τι
419 3176 589 3232 attractione
611 3171 735 3252 quadam
757 3175 918 3232 sententiae
938 3175 1042 3233 minori
1064 3182 1107 3233 est
1127 3172 1302 3246 adiunctum,

233 3297 322 3357 quam
349 3276 503 3336 verborum
532 3276 747 3357 dispositionem
772 3278 822 3336 aiii
850 3276 888 3337 ad
915 3278 1037 3355 figuram
1059 3278 1119 3338 ἀπὸ
1139 3287 1238 3339 κοινοῦ
1259 3299 1303 3339 re·

234 3383 338 3441 ferunt.
371 3383 502 3441 confmas
524 3381 603 3442 alind
627 3383 792 3463 exemplum
815 3383 882 3442 huic
903 3404 1020 3463 prorsus
1043 3404 1159 3460 compar
1179 3385 1302 3444 Theocr.

234 3492 305 3550 XVI
328 3495 356 3549 4.
400 3485 505 3548 deinde
532 3488 707 3561 subiectum,
736 3487 815 3568 quod
838 3498 867 3547 et
895 3490 925 3547 iu
947 3492 1117 3549 sententiam
1139 3492 1304 3569 primariam

196 3618 201 3631 .
234 3600 264 3651 et
284 3591 481 3673 secundariam
503 3593 636 3674 quadrat,
660 3614 677 3652 a
698 3596 791 3674 poetis
812 3593 968 3674 aliquando
987 3597 1139 3675 posteriori
1160 3594 1303 3668 tribuitur,

234 3717 299 3756 cum
320 3716 357 3756 ex
385 3701 530 3758 communi
558 3701 743 3776 grammatica
772 3702 920 3778 inpriore
945 3700 1043 3759 sedem
1065 3699 1172 3759 habere
1191 3698 1303 3772 debeat,

234 3810 267 3862 ut
288 3804 324 3862 in·
340 3802 457 3863 Lucillii
479 3807 684 3885 epigrammate
704 3804 784 3863 anth.
808 3804 870 3863 Pal.
893 3810 938 3869 XI
966 3813 1022 3868 190

320 3942 373 4002 τὸν
393 3942 488 4004 d'aodr
509 3940 688 4025 Ἑρμογένην
708 3941 791 4023 {orei
809 3942 907 4005 ntea
928 3938 1035 4026 dirige&
1059 3942 1075 4004 ὅ
1098 3946 1220 4024 κουρεὺς

396 4049 503 4130 κείρειν
523 4049 579 4128 τὴν
600 4049 742 4130 κεφαλὴν,
765 4048 835 4110 ὄνθ’
857 4049 925 4110 ὅλον
947 4049 988 4121 ὡς
1009 4048 1152 4130 κεφαλήν,
