3034 4675
681 203 871 314 ,9⁴-

238 419 424 481 Claudiorum
440 420 596 480 Caesarum
617 420 793 499 temporibus
807 423 986 500 conscriptus
1001 433 1052 494 est,
1076 442 1137 501 cap.
1157 428 1196 485 22
1219 423 1311 500 figura

238 525 398 604 explicatur
419 522 482 584 ἔστι
504 522 537 584 δέ
560 524 756 606 (ὑπερβατὸν)
782 521 889 596 λέξεων
911 522 930 603 ἢ
953 526 1083 604 νοήσεων
1111 524 1144 586 ἐκ
1166 536 1221 586 τοῦ
1243 523 1309 586 κατ’

238 628 424 689 ἀκολουθίαν
454 626 629 709 κεκινημένη
657 628 739 701 τάξις
768 629 818 688 καὶ
848 626 934 689 οίονεὶ
961 631 1120 711 χαρακτὴρ
1152 630 1311 712 ἐναγωνίου

238 732 362 805 πάθους
382 732 603 813 ἀληθέστατος.

322 838 411 918 Apud
433 840 562 898 rhetores
584 860 644 898 non
659 860 723 898 raro
739 838 924 918 hyperbaton
937 850 1185 920 commemoratur.
1207 842 1311 901 Theon

237 947 268 1002 in
290 943 373 1018 libro,
397 947 447 1024 qui
468 945 635 1004 inscribitur
656 942 925 1024 προχυμνάσματα,
956 945 1007 1003 ubi
1030 966 1079 1004 eos
1099 946 1177 1005 locos
1199 954 1310 1018 tractat,

238 1047 344 1127 quibus
379 1048 527 1129 σαφήνεια
565 1048 749 1137 διηγήματος
782 1045 978 1122 desideratur,
1011 1052 1098 1109 etiam
1129 1050 1313 1129 hyberbaton

238 1153 319 1211 affert
348 1152 467 1233 (Speng.
491 1155 532 1227 II,
558 1154 611 1232 82)
640 1133 867 1235 παρατηρητέον
889 1150 922 1212 δέ
942 1154 993 1213 καὶ
1015 1154 1050 1213 τὸ
1071 1154 1114 1232 μη
1134 1154 1312 1235 ὗπερβατῶς

188 1288 201 1330 z
236 1260 375 1339 χρῆσθαι
401 1251 450 1317 οἷά
471 1255 533 1320 ἐστι
556 1260 595 1319 τὰ
616 1259 711 1320 πολλὰ
737 1257 942 1320 Θουκυδίδου·
973 1260 1009 1319 οὐ
1032 1258 1089 1340 γὰρ
1118 1257 1255 1334 καθόλου
1277 1261 1312 1319 τὸ

239 1371 300 1423 τῶν
326 1362 506 1444 δπερβατῶν
533 1361 614 1444 γένος
644 1358 877 1441 ἀποδικάζομεν·
907 1363 1026 1443 ποικίλη
1047 1363 1105 1445 γάρ
1132 1364 1184 1424 διὰ
1204 1365 1313 1425 τούτου

239 1468 289 1527 καί
312 1469 364 1527 οὐκ
388 1467 522 1547 ι’διωτικὴ
544 1469 656 1549 γίνεται
678 1470 697 1547 ἡ
720 1461 837 1549 φράσις.
874 1468 1046 1548 plerumque
1066 1478 1163 1529 autern
1184 1471 1313 1530 rhetores

239 1582 268 1632 et
289 1576 466 1650 grammatici
488 1583 601 1634 tantum
623 1577 733 1654 species
754 1574 866 1652 aliquas
896 1573 1005 1649 figurae
1027 1572 1211 1633 dinumerant
1232 1583 1261 1632 et
1282 1577 1313 1633 in

239 1681 324 1737 certis
347 1679 487 1757 exemplis
508 1682 710 1758 acquiescunt,
740 1698 816 1757 quae
838 1680 962 1757 quisque
989 1678 1064 1737 alter
1091 1678 1129 1737 ab
1157 1659 1248 1738 altero
1271 1688 1314 1737 est

239 1792 394 1844 mutuatus,
438 1784 637 1861 Hermogenes
665 1788 696 1844 in
724 1793 787 1843 arte
811 1785 969 1855 rhetorica,
1000 1803 1062 1862 cap.
1087 1782 1154 1863 περὶ
1175 1781 1313 1860 μεθόδου

127 1975 132 1980 .
239 1886 408 1966 δεινότητος
430 1888 551 1969 (Speng.
574 1891 622 1963 II,
646 1887 721 1969 438)
744 1888 929 1968 hyperbaton
950 1891 1027 1947 intra
1056 1889 1236 1967 parenthesis
1257 1897 1312 1947 ter-

239 1995 331 2053 minos
359 2001 484 2066 coercet,
510 2002 599 2072 atque
627 2013 665 2053 ex
691 1992 855 2052 Alexandri
882 1992 949 2073 περὶ
978 1992 1142 2072 σχημάτων
1170 2012 1313 2052 commen·

239 2100 364 2170 tatione,
395 2117 471 2177 quac
496 2099 692 2177 sophistarum·
718 2118 790 2158 aevo
817 2101 974 2177 composita
996 2088 1027 2156 in
1049 2100 1194 2177 epitomen
1216 2107 1313 2157 coacta

147 2274 152 2284 .
239 2202 322 2262 nobis
345 2212 388 2262 est
409 2202 522 2277 tradita,
548 2224 614 2263 cunr
637 2206 807 2284 epitomator
827 2205 954 2279 genuina
975 2202 1158 2282 perturbasse
1171 2202 1312 2274 videatur,

239 2307 312 2367 nihil
333 2308 413 2369 aliud
435 2307 604 2387 intellegere
625 2329 776 2389 possumus
797 2328 885 2387 quam
902 2307 1102 2368 Alexandrum
1117 2308 1174 2368 duo
1197 2327 1312 2387 genera,

239 2417 343 2472 tmesin
372 2424 401 2472 et
435 2414 638 2494 parenthesin,
673 2415 847 2474 distinxisse.
899 2414 986 2492 paulo
1018 2417 1176 2473 accuratius
1209 2414 1314 2473 deinde

239 2518 465 2603 Phoebammon,
489 2523 540 2599 qui
561 2521 659 2580 rhetor
681 2520 795 2580 saeculo
817 2522 919 2599 quinto
942 2521 1060 2578 ineunte
1081 2520 1186 2593 floruit,
1210 2520 1313 2599 hyper-

239 2622 330 2682 baton
358 2626 388 2681 in
409 2627 502 2684 varias
531 2627 640 2703 species
662 2625 759 2684 divisit
787 2627 818 2683 in
847 2624 921 2684 libro
937 2624 1016 2706 ,περὶ
1043 2622 1224 2703 σχημάτων,
1256 2644 1313 2703 quo

240 2726 397 2787 Caecilium
418 2738 447 2788 et
469 2728 651 2808 deperditum
665 2728 828 2788 Alexandri
850 2712 956 2788 librum
979 2727 1137 2811 descripsit.
1170 2732 1200 2787 in
1222 2731 1315 2808 capite

240 2832 308 2913 περί
329 2840 391 2892 τῶν
412 2841 468 2912 τῆς
482 2831 677 2910 μεταθέσεως
692 2833 813 2914 (Speng.
830 2838 884 2907 Ill,
901 2833 955 2915 48)
978 2833 1049 2892 hacc
1070 2833 1206 2910 leguntur
1228 2832 1314 2914 άπερ·
1359 2818 1362 2823 ’

239 2937 336 3013 βοτὸν
350 2936 385 2997 δέ
397 2937 460 2999 έστι
474 2936 550 3010 λέξις
564 2936 583 3018 ἢ
600 2938 710 3020 φράσις
725 2939 784 2997 avt
798 2936 890 3015 μέσον
906 2935 1016 3016 έχουσά
1031 2961 1059 2998 τι
1075 2947 1136 2998 τῶν
1152 2933 1218 3016 ἑξῆς
1234 2961 1314 2998 νοου-

239 3040 346 3119 μένων.
382 3041 413 3102 ἓν
427 3043 505 3126 τρισί
522 3042 554 3104 δέ
569 3053 658 3104 τοῦτο
673 3047 846 3124 θεωρεῖται,
869 3040 888 3121 ἢ
905 3040 935 3102 ἐν
950 3041 1033 3119 λέξει,
1053 3044 1069 3103 ὃ
1084 3043 1178 3121 δεχῶς
1193 3043 1313 3127 γίνεται,

240 3146 305 3224 lida
320 3145 407 3230 λόγῳ,
428 3144 447 3225 ἢ
469 3147 500 3208 έν
519 3148 682 3231 πράγματι.
707 3147 737 3208 ἐν
752 3145 826 3219 λέξει
844 3145 900 3224 μέν
916 3184 954 3194 -
971 3148 1076 3218 ὡςίνα
1095 3147 1196 3209 θέλων
1213 3148 1314 3223 εἰπεῖν,

241 3248 288 3311 δτι
309 3250 456 3334 κατέφαγε
479 3262 607 3335 ταῦρον,
631 3253 704 3314 είπω
724 3252 771 3313 δτι
793 3253 871 3311 κατὰ
892 3261 1004 3334 ταῦ-ρον
1030 3250 1188 3335 έηαγεν,ἢ
1215 3290 1248 3298 -
1275 3254 1316 3324 eg
1371 3322 1373 3325 .

238 3355 291 3416 l'va
319 3355 388 3440 λέχη
417 3380 463 3428 τις
490 3358 506 3418 ὁ
536 3359 620 3419 δεῖνα
648 3359 700 3418 τὸν
729 3358 813 3417 δεῖνα
841 3356 1004 3437 έτάπτησεν
1031 3353 1151 3439 έταΐράν
1186 3379 1254 3436 μοι·
1286 3357 1316 3417 έν

188 3463 198 3477 “
232 3459 320 3544 ,λόγῳ
340 3460 407 3539 μέν,
431 3463 472 3534 ὡς
488 3463 541 3523 ἵνα
562 3462 700 3541 εἴπωμεν,
724 3461 893 3542 έξεβόησαν,
916 3462 966 3522 καὶ
989 3463 1023 3522 τὸ
1044 3462 1177 3543 θέατρον
1196 3461 1315 3542 ἤχησεν,

242 3565 429 3638 ἐπαινοῦντες
451 3567 505 3650 τὸν
518 3569 664 3648 άρχοντα·
688 3565 719 3627 έν
740 3567 894 3650 πράγματι
915 3566 957 3643 δέ,
982 3561 1043 3628 οἷον
1064 3569 1083 3646 ἡ
1107 3565 1256 3648 θρέψασά
1278 3589 1315 3643 με

242 3671 291 3730 καὶ
313 3669 522 3751 γεννησαμένη.
569 3674 764 3753 anastrophen
793 3676 1013 3753 praepositionis
1043 3682 1072 3731 et
1100 3673 1216 3732 schema
1237 3671 1315 3750 quod

241 3776 345 3835 dicitur
363 3776 562 3837 Alcmanicum
583 3778 620 3836 ad
642 3779 825 3857 hyperbaton
848 3799 907 3837 non
929 3779 1025 3840 refert.
1059 3780 1230 3837 recentiores
1251 3778 1315 3836 rhe-

241 3890 318 3941 tores
346 3881 491 3961 quomodo
519 3882 626 3958 singuli
654 3884 839 3962 hyperbaton
867 3882 1031 3942 definierint
1060 3891 1090 3942 et
1118 3886 1147 3940 in
1176 3901 1315 3961 quasnam

242 3988 351 4065 species
371 3986 535 4059 diviserint,
558 3991 718 4048 accuratius
740 3997 916 4068 pertractare
938 3985 1147 4067 supersedeb03
1177 3996 1227 4044 aut
1248 4006 1316 4044 ana-

241 4092 381 4169 strophen
402 4095 462 4151 sive
484 4091 650 4172 ὑπέρθεσιν
672 4102 701 4151 et
718 4094 906 4172 parenthesin
930 4092 1049 4172 (Speug.
1073 4089 1129 4162 ΠΙ,
1157 4098 1204 4150 74.
1233 4088 1314 4170 136),
