3034 4675
662 308 896 372 -150—

245 478 336 538 veluti
365 478 474 538 Seneca
504 497 548 557 ep.
578 485 651 551 115,
680 484 697 541 3
728 499 816 540 nemo
843 478 929 560 iliam
957 477 1138 553 amabilem,
1172 479 1225 562 qai
1254 500 1317 543 non

247 584 339 647 simoi
366 583 567 650 uenerabilem
592 584 714 649 diceret.
764 582 920 661 adiungam
947 583 1005 642 alia
1032 583 1180 663 exempla,
1210 584 1318 663 quibus

248 689 367 754 verbum
389 689 502 749 finitum
523 690 554 747 in
576 689 746 750 sententium
765 687 971 760 secundariam,
987 708 1063 767 quas
1076 692 1317 769 comparationem

248 797 392 867 continet,
428 795 632 874 transpositum
664 773 723 868 est3
755 792 835 873 qnod
866 793 1020 873 hyperbati
1053 812 1146 870 genus
1179 796 1316 854 maiorem

248 898 365 979 quidem
386 898 548 960 liberatem
570 899 625 958 sibi
639 897 774 970 vindicat,
798 901 867 978 quia
886 898 1006 959 verbnm
1027 901 1184 967 enuntiato.
1207 902 1317 980 inquo

245 1008 371 1086 positum
393 1014 444 1076 est,
467 1013 593 1066 nonest
611 1001 788 1083 adaptatum,
809 1003 860 1063 sed
874 1007 1001 1085 primarii
1015 1014 1175 1066 structurae
1196 1006 1316 1066 formam

245 1111 371 1173 retinuit.
417 1109 473 1168 hnc
501 1110 609 1169 referre
634 1111 726 1189 possis
746 1129 796 1172 eos
818 1109 912 1183 locos,
939 1130 1013 1189 quos
1034 1112 1051 1190 ς
1074 1118 1091 1172 9
1114 1129 1315 1170 commemora·

244 1216 345 1288 vimus,
368 1223 401 1274 ut
421 1214 532 1274 Mosch.
556 1219 598 1278 IV
621 1221 661 1277 45
687 1215 725 1276 σὺ
746 1205 776 1274 δ’
802 1213 874 1293 ἠύτε
896 1214 1009 1292 λα’βεαι
1030 1214 1127 1297 ὕδωρ,
1156 1236 1223 1276 cnm
1243 1213 1316 1274 illud

247 1319 317 1398 ἠύτε
348 1317 431 1401 ὕδωρ
457 1322 494 1384 sit
523 1322 666 1381 sententia
693 1318 862 1380 secundaria
892 1324 923 1380 in
948 1331 1042 1381 artum
1070 1331 1175 1381 coacta.
1225 1324 1318 1398 megia
1357 1383 1360 1394 ,

246 1425 318 1484 haec
339 1427 412 1488 ratio
432 1434 479 1498 vest
499 1428 651 1506 perspicua
671 1425 717 1485 his
738 1426 809 1485 locis
829 1426 928 1504 Apoll.
951 1424 1046 1487 Rhod.
1062 1431 1107 1490 ΠΙ
1127 1432 1206 1489 1390
1220 1445 1265 1506 sq.

542 1552 546 1559 ’
845 1530 951 1609 αἵματι
973 1528 1008 1592 δ’
1031 1530 1112 1591 ὁλκοὶ

432 1635 503 1714 ἠύτε
525 1640 665 1716 κρηναῖαι
687 1633 803 1715 ἀμάραι
823 1636 978 1715 πλήθοντο
1000 1634 1111 1720 ῥοῇσιν,

246 1755 308 1815 eat.
334 1761 383 1827 64,
409 1760 469 1817 328
484 1773 548 1833 sqq.

373 1860 446 1928 hoec
466 1860 616 1922 mandato
632 1859 726 1942 prius
748 1862 899 1925 constanti
919 1872 1016 1924 mente
1037 1873 1183 1925 tenentem

375 1964 490 2028 Theseo
512 1986 564 2027 αια
580 1965 691 2048 pulsae
715 1976 873 2030 centorum
883 1966 1015 2049 flamine
1036 1967 1130 2030 nabes

253 2119 259 2138 ι
373 2070 491 2134 aerium
512 2070 592 2133 nivei
611 2070 721 2134 montis
744 2072 858 2155 liquere
878 2092 1030 2137 cacumen.

245 2190 377 2252 similiter
401 2190 470 2248 Hor.
486 2208 572 2248 carm.
589 2193 631 2252 IV
648 2197 676 2263 4,
695 2195 733 2252 42
749 2209 832 2269 sqq.3
846 2189 912 2250 vids
929 2192 1048 2270 Hauptii
1063 2211 1108 2268 op.
1123 2195 1153 2254 II
1168 2211 1196 2269 p.
1216 2197 1252 2250 77
1270 2208 1316 2268 sq.

331 2308 469 2368 Infinitivi
485 2308 530 2368 vel
552 2310 705 2368 accusativi
726 2327 792 2379 cum
810 2308 952 2369 infinitivo
974 2312 1178 2369 constructioni
1196 2308 1316 2369 verbum

245 2417 357 2474 finitum
378 2415 425 2473 vel
446 2412 651 2493 praedicatum,
674 2414 753 2473 unde
774 2414 825 2473 illa
845 2414 961 2494 pendet,
985 2434 1071 2496 saepe
1089 2418 1234 2495 interponi
1247 2417 1318 2474 sotis

246 2530 290 2581 est
318 2529 417 2579 notum
439 2537 535 2598 neque
562 2519 701 2598 exemplis
722 2518 843 2605 indiget.
887 2529 1014 2579 attamen
1036 2530 1139 2598 poetae
1160 2521 1258 2600 aliqua
1279 2539 1317 2580 ex

245 2635 328 2708 parte
350 2627 519 2704 scriptorum
539 2623 775 2683 consuetudinem
798 2623 951 2684 excedunt.
984 2628 1025 2684 sic
1046 2627 1150 2685 Aesch.
1173 2627 1230 2704 Ag.
1255 2634 1315 2688 459

560 2747 663 2826 μίμνει
685 2745 720 2808 ὃ)
740 2750 870 2811 ἀκοῦσαί
888 2751 921 2811 τί
938 2774 998 2830 μου

558 2851 689 2936 μέριμνα
712 2854 892 2938 νυκτηρεφές

247 2985 276 3035 et
297 2975 386 3053 Soph,
410 2972 445 3034 O.
468 2974 504 3033 R.
529 2977 589 3035 803
606 2973 670 3053 sqq.

557 3075 561 3079 ⁸
749 3074 781 3137 εἴ
793 3099 845 3155 μοι
867 3078 965 3158 ξανειή
987 3076 1106 3160 φέροντι

491 3186 585 3261 μοῖρα
606 3179 662 3240 τὰν
683 3181 825 3242 εὔσεπτον
845 3183 964 3264 ἁγνείαν
985 3180 1080 3264 λόγων

493 3282 586 3367 ἔργων
607 3307 639 3346 τε
661 3285 791 3348 πάντων.

248 3404 319 3463 haec
332 3402 389 3463 duo
413 3405 546 3485 exempla
568 3408 643 3465 inter
662 3426 695 3466 se
713 3416 781 3466 sunt
801 3408 945 3485 comparia
967 3416 996 3465 ct
1016 3411 1139 3485 gemina,
1162 3411 1217 3468 nisi
1239 3408 1316 3488 quod

246 3510 277 3566 in
299 3507 448 3588 Sophoclis
471 3509 534 3569 loco
557 3514 739 3592 participium
762 3512 894 3569 infinitivi
916 3516 993 3571 vices
1013 3517 1156 3575 sustinuit.
1194 3514 1316 3574 similem

247 3613 337 3673 habes
359 3617 610 3693 transpositionem
632 3616 733 3695 Eurip.
758 3615 825 3674 Hel,
837 3621 904 3677 «188
920 3637 963 3696 sq.
996 3628 1086 3698 atque
1106 3630 1139 3679 ut
1160 3639 1197 3679 cx
1211 3617 1317 3680 Ovidis

247 3738 405 3799 proponam
428 3738 505 3798 quae
526 3720 645 3781 collecta
666 3721 769 3793 habeo,
793 3721 828 3778 cf.
852 3739 889 3779 cx
909 3722 943 3781 P.
967 3728 997 3785 II
1021 3730 1049 3795 3,
1074 3731 1111 3786 67
1128 3744 1171 3803 sq.
1254 3752 1257 3759 ·
1290 3784 1294 3790 ,

420 3852 484 3904 tum
504 3851 557 3906 tua
579 3865 626 3906 ιιιι
646 3846 784 3927 primum
805 3843 903 3907 solari
923 3846 1024 3910 littero
1045 3847 1143 3929 coepit

439 3958 469 4009 ot
491 3948 604 4012 laesum
618 3949 706 4032 flecti
726 3969 811 4032 spem
832 3950 907 4012 darc
924 3973 1018 4034 posse
1040 3953 1129 4015 deum

249 4062 277 4112 et
299 4062 352 4112 art.
376 4057 422 4115 Ill
446 4059 503 4114 551

406 4179 426 4220 α
448 4157 544 4220 doctis
560 4157 698 4239 pretium
719 4160 814 4223 scelus
834 4171 879 4223 est
901 4182 1027 4244 sperare
1047 4162 1154 4244 poetis.
