3034 4675
468 381 792 442 verbiorum
824 382 945 441 fere
973 384 1088 441 vim
1115 382 1399 442 abierunt.
1475 383 1671 446 Latini
1702 392 1894 442 autem
1922 393 2129 462 poetae
2173 384 2306 445 huic
2348 382 2617 446 licentia'e

470 489 695 565 parcius
738 487 1100 547 indulserunt
1143 507 1316 566 quam
1364 487 1706 567 plerumque
1750 487 1956 548 Graeci
2004 498 2060 547 et
2110 489 2267 567 apud
2311 491 2438 551 illos
2483 492 2619 551 talis

470 595 726 651 traiectio
781 592 961 652 multo
1008 602 1094 651 est
1136 592 1421 651 difficilior
1463 612 1639 671 quam
1682 614 1719 651 a
1762 592 1999 653 Graecis
2042 596 2299 655 sentitur.
2361 599 2441 655 sic
2482 619 2612 676 pro-

393 691 400 697 ’
473 717 682 757 nomen
723 707 809 757 est
851 701 1126 756 insertum
1171 696 1277 756 Ov.
1325 714 1399 756 ex
1443 698 1509 756 P.
1545 699 1652 771 IV,
1711 706 1799 771 14,
1845 706 1911 761 15

747 804 898 865 talia
940 815 1282 865 succensent
1317 813 1583 887 propter
1627 805 1777 866 mila·
1819 805 2003 866 verba
2052 804 2326 866 Tomitae

473 915 529 965 et
571 909 716 965 trist.
765 908 872 981 IV,
922 913 978 979 9,
1031 912 1104 969 23

711 1025 884 1075 trans
928 1034 1034 1095 eqo
1079 1012 1381 1085 tellurem,
1424 1024 1599 1075 trans
1644 1013 1801 1076 altas
1849 1013 2074 1077 audiar
2116 1016 2315 1076 undas
2330 1041 2351 1083 ‚-

467 1116 845 1196 similiterque
885 1117 1224 1181 adverbium
1267 1116 1569 1177 intercedit
1614 1117 1739 1177 Cat.
1788 1125 1887 1191 95,
1939 1125 1963 1180 1

659 1223 936 1306 Zmyrna
978 1222 1097 1285 mei
1145 1229 1174 1283 ζ
1192 1223 1373 1286 'innae
1416 1243 1645 1286 nonam
1677 1234 1826 1306 post
1869 1224 2122 1307 denique
2163 1244 2415 1286 messem

467 1335 524 1386 et
563 1325 669 1386 Ov.
717 1337 850 1385 met.
885 1332 964 1401 Π,
1014 1333 1133 1389 524

837 1432 1130 1517 Aryoliea
1172 1434 1339 1516 quod
1380 1434 1444 1495 in
1489 1444 1629 1496 ante
1673 1433 2025 1496 Phoronide
2068 1432 2227 1513 fecit.
2310 1471 2314 1476 -

465 1535 720 1595 indidem
764 1538 1148 1597 Baehrensius
1205 1538 1449 1597 alterum
1509 1536 1720 1596 Catulli
1777 1557 2005 1597 versum
2062 1540 2124 1624 in
2174 1539 2327 1597 hunc
2369 1538 2610 1598 modum

467 1641 699 1700 refinxit
752 1649 886 1716 116,
936 1650 970 1704 4

820 1748 936 1811 tela
979 1748 1202 1829 infesta
1246 1747 1399 1810 mihi
1436 1748 1671 1809 mittere
1715 1748 1779 1810 in
1823 1768 2011 1831 usque
2055 1743 2258 1831 ceput.

634 1850 1020 1932 Antiquarum
1092 1853 1418 1931 linguarum
1483 1850 1695 1911 deinde
1756 1874 1917 1912 amor
1983 1855 2247 1913 notiones
2312 1858 2613 1934 oppositas

461 1937 726 2033 proxime
768 1947 1180 2036 componendi,
1227 1967 1293 2016 ut
1331 1960 1513 2035 magis
1553 1956 2097 2038 exsplendescerent
2112 2003 2126 2031 ,
2173 1957 2329 2037 haud
2371 1980 2502 2043 raro
2545 1963 2609 2020 in

465 2060 704 2121 Graecis
747 2062 954 2123 litteris
996 2062 1362 2143 hyperbaton
1423 2063 1636 2136 effecit,
1696 2066 1857 2123 cuius
1912 2065 2261 2123 traiectionis
2312 2065 2615 2141 complura

461 2168 730 2245 exempla.
771 2171 884 2227 iam
928 2167 1086 2248 apud
1131 2169 1449 2227 Homerum
1493 2177 1711 2228 extant.
1797 2169 1867 2227 cf.
1914 2169 1983 2243 Il,
2034 2174 2157 2230 224

701 2287 812 2349 σύν
855 2310 918 2349 τε
961 2285 1056 2349 δύ’
1102 2284 1419 2371 ἐρχομένω,
1466 2286 1575 2347 καί
1612 2309 1676 2348 τε
1720 2287 1837 2369 πρὸ
1882 2284 1913 2348 ὃ
1957 2295 2066 2348 τοῦ
2106 2284 2359 2367 ἐνόησεν.

462 2390 570 2450 Od.
618 2393 691 2463 V,
751 2401 858 2456 155

1066 2476 1210 2560 παρ’
1256 2480 1362 2538 οὐκ
1404 2475 1635 2538 ἐθέλων
1679 2476 1991 2560 ἐθελούσῃ.

466 2563 534 2621 11.
581 2563 817 2637 XXIV,
869 2571 946 2626 62

1261 2648 1322 2708 ἓν
1365 2646 1432 2709 δὲ
1474 2650 1549 2709 σὺ
1593 2655 1783 2709 τοῖσιν

1089 2751 1283 2814 δαίνυ’
1328 2751 1478 2833 ἔχων
1523 2751 1843 2836 φόρμιγγα.

461 2857 532 2919 Il.
579 2859 753 2930 XIII,
803 2865 943 2922 829.
1027 2860 1138 2921 Od.
1182 2860 1392 2932 XXII,
1443 2865 1586 2920 217.
1670 2858 1779 2918 Od.
1826 2847 1902 2933 V,
1952 2866 2073 2923 224
2117 2855 2271 2937 μετὰ
2314 2853 2421 2913 καί
2459 2850 2601 2913 τόδε

461 2970 614 3024 τοῖσι
645 2963 931 3045 γενέσθω.
995 2970 1189 3039 XVII,
1224 2971 1365 3029 285.
1427 2984 1848 3043 nonnunquam
1883 2960 2118 3034 accedit,
2157 2970 2224 3020 ut
2253 2960 2385 3018 illae
2427 2977 2612 3018 voces

459 3068 709 3149 quadam
751 3070 1166 3156 παρονομασία
1209 3072 1547 3129 coniunctae
1596 3072 1727 3142 sint,
1777 3077 1843 3127 ut
1884 3065 2051 3127 Pind.
2084 3066 2260 3146 Pyth.
2291 3069 2364 3135 X,
2394 3072 2473 3127 54

799 3189 890 3254 ἐπ’
934 3183 1132 3254 ἄλλοτ’
1173 3181 1349 3252 ἄλλον
1393 3184 1508 3251 ὧτε
1553 3173 1809 3270 μέλισσα
1854 3189 2029 3249 θύνει
2073 3186 2266 3269 λόγον,

460 3335 574 3393 quo
620 3335 748 3375 cum
795 3317 920 3375 loco
962 3318 1134 3395 plane
1177 3318 1468 3394 conspirat
1510 3314 1721 3373 Aesch.
1767 3313 1958 3371 Prom.
2010 3317 2129 3374 276

898 3438 1045 3521 πρὸς
1087 3430 1285 3498 iimo?
1333 3427 1509 3497 ἄλλον
1552 3437 1786 3516 πημονὴ
1831 3432 2192 3515 προσιζάνει.

459 3562 740 3638 oppositio
798 3570 987 3622 autem
1047 3562 1168 3620 sola
1210 3563 1563 3638 conspicitur
1608 3559 1831 3620 Callim.
1879 3559 2058 3635 epigr.
2110 3561 2186 3618 52
2236 3554 2419 3636 (anth.
2465 3553 2601 3615 Pal..

457 3665 531 3737 V,
587 3663 730 3745 146)

627 3766 908 3851 τέσσαρες
946 3766 1009 3828 αἶ
1053 3768 1341 3851 Χάριτες,
1386 3768 1523 3828 ποτὶ
1566 3767 1682 3848 γὰρ
1724 3767 1837 3845 μία
1878 3774 2012 3838 ταῖς
2055 3765 2212 3846 τρισὶ
2257 3763 2476 3834 κείναις

717 3866 851 3956 ἄρτι
896 3874 1292 3954 ποτεπλάσθη
1333 3876 1465 3953 κῆτι
1509 3874 1752 3955 μύροισι
1795 3880 1969 3935 νοτεΐ.

457 3984 517 4039 in
577 3983 917 4060 scriptorum
973 4000 1205 4060 quoque
1256 3999 1517 4038 sermone
1563 4000 1678 4058 quo
1739 3979 1983 4038 vividior
2046 3985 2100 4036 et
2154 3975 2394 4034 alacrior
2435 3973 2606 4031 fieret

457 4089 653 4159 orati0,
703 4087 843 4144 haec
884 4104 990 4164 per
1033 4085 1395 4164 hyperbaton
1438 4082 1617 4142 verba
1660 4081 2042 4164 componendi
2089 4083 2232 4140 ratio
2279 4100 2316 4139 a
2359 4079 2605 4140 Graecis
