3034 4675
684 250 899 332 -φή

250 428 284 481 et
305 423 400 482 amsi
425 423 452 499 7,
476 424 516 483 40
625 436 629 441 ’

407 524 583 588 siaioereot
603 526 722 607 laesae,'
735 526 868 589 condida
889 536 962 606 tota,
982 547 1083 609 penae.

255 633 355 692 eedem
378 647 466 696 causa
486 634 558 696 haec
581 635 725 695 vocabula
752 651 807 709 per
835 635 1013 695 enuntiatum
1035 636 1203 711 primarium
1242 643 1255 696 t
1275 653 1321 696 se·
1367 607 1368 612 ἵ

253 737 424 797 cundarinm
447 739 566 811 digessit
588 740 640 799 Ov.
664 742 726 801 her.
747 741 808 799 XII
831 740 891 799 115

338 855 421 940 qood
434 856 542 938 facere
564 880 641 921 oona
661 880 729 920 mea
751 867 803 939 cot,
825 879 886 926 ooo
901 861 992 922 audet
1013 860 1143 921 scribere
1160 862 1276 923 ἀνάστα.

254 984 378 1044 similem
405 987 604 1047 traiectionem
633 1005 686 1061 per
713 988 788 1048 duos
818 1005 917 1047 versus
946 989 1096 1048 continuos
1124 991 1319 1064 pertinentem

253 1090 332 1149 idem
352 1100 439 1164 poeta
460 1092 516 1153 sibi
536 1093 669 1167 permisit
689 1094 766 1153 trist.
789 1094 815 1152 V
839 1093 889 1169 1¹1,
912 1093 951 1152 47
975 1112 1016 1166 sq.

401 1204 490 1278 atquc
510 1191 592 1256 dedit
613 1194 708 1257 iustos
730 1194 815 1256 taoni
826 1193 1004 1276 ⁸scabrt‘cotoo·
1026 1196 1105 1270 aerii,

236 1339 238 1344 -
305 1295 307 1306 ⁴
462 1299 505 1361 sic
527 1319 580 1381 epo
603 1300 642 1361 άσ
662 1320 780 1382 poenos
802 1298 919 1363 artibus
941 1299 1006 1383 ipse
1026 1301 1122 1383 meis„

254 1411 284 1464 et
305 1406 395 1465 ex·P.
418 1407 432 1465 I
453 1408 481 1483 2,
505 1408 546 1469 89
569 1424 611 1481 sq.
698 1487 700 1490 ι

282 1535 285 1544 ’
401 1493 451 1571 iro
472 1509 533 1571 oiri
554 1509 635 1572 miae
656 1530 717 1571 ooo
739 1530 786 1570 mc
806 1508 937 1572 misisset
957 1510 989 1571 in
1011 1509 1110 1583 iatum,

463 1612 491 1676 ai
511 1613 586 1676 cotia
607 1613 680 1677 haec
701 1613 748 1676 illi
768 1624 841 1676 octo
862 1613 969 1695 fnisset
989 1615 1106 1679 bomon.

252 1722 310 1781 iam
333 1722 466 1781 clarescit
487 1722 693 1783 vocabulorum
718 1723 854 1799 mixtura,
883 1724 1076 1785 audacissima
1097 1742 1165 1785 sane
1186 1732 1216 1785 et
1242 1725 1322 1787 diffi-

252 1827 317 1885 cilis
338 1828 442 1902 Eurip.
464 1825 535 1886 Hoc.
559 1827 642 1886 1224

338 1943 388 2002 καὶ
409 1943 470 2023 μὴν
491 1940 609 2026 τρέφων
629 1942 686 2023 μὲν
707 1942 747 2017 ὥς
768 1967 800 2006 σε
823 1941 907 2004 τταΐάο
929 1942 1019 2027 ἐχρῆν
1038 1945 1158 2029 τρέφειν

380 2047 480 2121 σώσας
501 2071 533 2109 τε
556 2050 608 2109 τὸν
629 2048 709 2128 ἐμόν,
734 2044 810 2129 εἶχες
831 2046 869 2109 ἂν
890 2051 982 2110 καλὸν
1003 2048 1094 2128 κλέος,
1157 2097 1160 2104 .

254 2191 327 2247 quae
349 2176 439 2236 verba
467 2178 509 2236 ita
533 2178 731 2252 coniungenda
759 2183 826 2237 sunt
856 2171 906 2231 καὶ
926 2173 987 2252 μὴν
1005 2170 1123 2255 τρέφων
1142 2172 1198 2252 μὲν
1226 2176 1323 2235 παῖδα

255 2277 307 2336 τὸν
327 2274 399 2356 ἐμὸν
421 2274 460 2351 ὥς
481 2299 513 2340 σε
537 2276 625 2360 ἐχρῆν
647 2275 766 2361 τρέφειν
786 2278 862 2361 (scil.
878 2276 983 2360 αὐτόν)
1006 2275 1106 2351 σώσας
1127 2301 1168 2344 τε.
1194 2290 1321 2345 ceterum

255 2388 291 2447 de
313 2390 559 2449 substantivorum
587 2395 616 2448 et
637 2390 844 2449 attributorum
868 2406 923 2462 per
945 2366 1123 2450 enuntiatum
1150 2392 1322 2465 primarium

255 2496 513 2568 secundariumque
542 2496 710 2554 traiectione
736 2495 805 2555 vide
825 2495 903 2555 infra
925 2491 941 2571 ἓ
965 2496 1015 2555 12.
1053 2496 1127 2556 illud
1148 2503 1244 2556 autem
1265 2498 1322 2556 hoc

254 2598 317 2658 loco
346 2616 404 2659 nou
427 2607 471 2660 est
492 2601 692 2673 omittendum,
720 2601 779 2659 iam
800 2601 958 2660 Homerum
982 2602 1206 2662 insolentissima
1225 2608 1321 2662 trans·

254 2706 399 2777 gressione
420 2723 503 2766 nsum
524 2723 587 2767 esse
607 2707 643 2765 Il.
665 2707 721 2767 XV
744 2708 807 2765 344

376 2823 484 2907 τάφρῳ
505 2824 554 2884 καὶ
577 2823 771 2885 σκολόπεσσιν
792 2821 996 2903 ἐνιπλήξαντες
1018 2826 1139 2906 ὀρυκτῇ,

178 2948 182 2956 ’
254 2951 317 3020 ubi
332 2949 543 3010 substantivum
566 2944 674 3028 τάφρῳ
701 2950 737 3009 ab
760 2949 903 3009 attributo
925 2946 1036 3028 ὀρυκτῇ
1064 2952 1157 3009 altero
1185 2950 1320 3009 substan·

254 3057 315 3119 tivo
345 3072 398 3130 per
426 3050 480 3109 καί
509 3056 622 3115 adnexo
651 3056 811 3130 seiunctum
840 3061 902 3130 est,
938 3056 981 3114 ita
1009 3061 1042 3114 ut
1071 3053 1211 3114 vocabula
1233 3070 1321 3114 sensu

255 3168 317 3221 arte
346 3161 532 3221 cohaerentia
559 3161 735 3235 principium
763 3165 793 3218 et
820 3157 907 3218 finem
930 3155 1030 3219 vorsus
1060 3160 1219 3223 obtineant.
1258 3158 1320 3219 for·

254 3274 331 3328 tasse
359 3266 446 3327 metri
461 3266 656 3326 ,necessitudo
675 3266 723 3325 ,ad
755 3265 830 3324 hanc
858 3264 1074 3325 insolentiorem
1100 3265 1319 3325 collocationem

255 3372 415 3443 invitabat,
447 3388 511 3430 oum
539 3372 640 3431 similis
670 3387 771 3431 versus
799 3370 894 3429 exitus
922 3371 958 3432 Il.
986 3370 1046 3429 XII
1070 3372 1108 3431 72
1138 3372 1319 3445 inveniatur3

255 3484 351 3537 tamen
379 3478 536 3551 hyperbati
565 3477 712 3537 excusatio
741 3477 810 3537 inda
839 3481 886 3534 est
913 3476 1054 3549 petenda,
1088 3477 1165 3550 quod
1192 3477 1224 3535 in
1247 3492 1319 3536 voce

255 3574 363 3660 τάφρῳ
388 3598 498 3642 summa
523 3582 567 3642 vis
597 3588 729 3642 versatur
755 3588 785 3641 et
812 3581 909 3656 notio,
946 3598 1020 3655 quae
1049 3581 1189 3641 vocabalo
1216 3575 1320 3637 euolo-

255 3703 359 3743 τεσσιν
386 3688 565 3756 continetur,
596 3686 718 3746 inferior
739 3693 793 3762 est,
816 3694 848 3746 ut
868 3687 1000 3763 intellegi
1021 3688 1114 3760 possit
1134 3680 1243 3765 τάφρῳ
1264 3684 1320 3743 σὺν

253 3786 446 3849 σκολόπεσσιν
474 3799 505 3852 et
525 3786 640 3869 τάφρος
670 3794 727 3852 vim
751 3809 831 3852 suam
855 3798 989 3852 exerceat
1010 3794 1097 3853 etiam
1116 3792 1209 3852 altero
1233 3808 1319 3852 voca·

252 3897 320 3957 bulo
349 3898 529 3971 interposito.
579 3897 700 3957 similem
737 3913 853 3956 causam
886 3896 1056 3956 observabis
1092 3898 1122 3955 in
1156 3897 1320 3972 hyperbato

253 4003 395 4062 enuntiati
417 4004 535 4062 relativi
556 3996 638 4078 (vide
658 3998 675 4076 ἓ
700 3997 768 4080 11);
807 4002 855 4061 hic
882 4008 978 4062 autem
1007 4005 1138 4076 apposite
1167 4018 1319 4075 eompara-

253 4108 330 4168 veris
351 4109 445 4168 locum
467 4109 579 4183 pariter
599 4106 810 4168 conformatum
832 4108 935 4182 Eurip.
957 4108 1038 4182 Cycl.
1062 4109 1123 4168 603
1146 4124 1189 4181 sq.
