3034 4675
640 264 874 328 -126—

840 436 1016 497 recordetur
1038 432 1072 495 id

474 543 527 623 poi
549 539 636 601 nihili
656 550 725 602 suot
747 539 822 622 quid
843 541 869 601 io
885 538 972 622 preti

470 646 558 706 detur
580 644 619 707 ab
641 643 705 707 suis
727 644 797 724 eris,

470 748 588 830 ipuaoia
610 748 760 832 improbis
781 749 866 821 viris,

225 875 283 935 quo
311 855 374 915 loco
402 855 543 934 appositio
570 856 698 933 pertinet
718 853 756 913 ad
778 871 937 932 pronomen
965 854 1010 910 ‘is'.
1032 852 1063 931 (i.
1087 870 1113 910 e.
1136 851 1206 933 eis),
1238 872 1297 910 non

224 957 262 1018 ad
288 958 497 1018 substantivum
527 961 658 1037 proxime
684 967 754 1017 ante
779 956 886 1018 dictum
915 958 999 1017 ‘eris'.
1036 975 1102 1036 qua,
1125 974 1191 1014 cum
1212 954 1297 1015 collo·

226 1066 337 1124 catione
376 1061 456 1120 aliud
494 1061 622 1122 eiusdem
662 1072 764 1141 poetae
807 1063 970 1141 exemplum
1011 1062 1214 1122 conferendum
1255 1072 1298 1126 θεῖ

226 1170 309 1232 Asin.
332 1169 398 1238 11,
424 1175 461 1228 50
1224 1151 1227 1156 ⁴

381 1288 482 1335 omues
498 1285 656 1356 parentes,
678 1273 810 1349 Libane,
834 1273 1029 1344 tiberiensis,
1056 1272 1058 1276 ’

380 1377 434 1459 poi
449 1378 531 1440 milri
551 1379 770 1453 auomltobuot,
792 1379 903 1454 facient
925 1377 1106 1461 obsequium.

229 1484 408 1543 enuntiatum
431 1485 507 1541 enim
529 1482 681 1543 relativum
704 1504 768 1543 cum
783 1483 957 1543 obscuritate
970 1487 1131 1543 sententiae
1150 1484 1299 1563 paululum

228 1598 272 1649 est
302 1589 474 1667 repositum,
509 1590 549 1647 ita
577 1597 610 1648 ut
644 1597 812 1648 consuetum
843 1586 996 1647 verborum
1025 1588 1155 1648 ordinem
1186 1599 1299 1648 secutus

229 1711 388 1773 pronomen
416 1692 568 1752 relativum
596 1692 634 1752 ad
663 1714 762 1754 vocem
786 1693 901 1754 ‘liberis’
925 1696 1040 1768 referas,
1072 1715 1247 1775 quamquam
1269 1694 1299 1752 id

229 1798 265 1858 ad
303 1784 453 1878 ‘parentes’
490 1801 636 1876 pertinere
671 1802 813 1858 sententia
848 1807 947 1879 aperte
983 1800 1094 1859 clamat.
1153 1801 1300 1881 complura
1360 1798 1362 1802 ’

230 1903 377 1983 exempla,
408 1901 513 1981 quibus
542 1904 663 1964 Plautus
690 1905 821 1964 similiter
847 1908 1025 1976 enuntiatum
1055 1906 1206 1965 relativum
1228 1905 1299 1964 libe·

229 2010 305 2068 riore
333 2027 387 2067 usu
417 2010 543 2081 traiecit,
576 2012 719 2087 congessit
745 2010 895 2069 Vahlenus
924 2013 954 2069 in
982 2011 1108 2070 Hermae
1129 2012 1186 2070 vol.
1208 2010 1301 2070 XVlI
1357 2065 1364 2074 .

230 2136 260 2194 p,
284 2120 354 2177 615.
398 2122 487 2192 atque
518 2117 727 2176 eeomioorum
750 2116 926 2177 Graecorum
953 2136 1085 2176 sermone
1113 2113 1207 2195 placet
1234 2117 1300 2176 sub·

233 2223 352 2297 iungere
373 2239 535 2298 comparem
557 2229 728 2280 structuram
749 2222 837 2280 Arist.
860 2221 1039 2296 Nuurrsa
1062 2242 1104 2302 sq.

385 2324 438 2385 καί
457 2347 509 2403 μοι
533 2324 585 2386 τὸν
606 2323 680 2403 υἱόν,
704 2325 731 2387 cl
750 2324 912 2406 μεμάθηκε
933 2326 986 2386 τὸν
1007 2324 1094 2408 λόγον

385 2428 503 2506 ἐκεῖνον,
518 2424 603 2512 εἶφ’,
627 2431 660 2490 ὃν
681 2431 792 2513 ἀρτίως
815 2432 975 2512 εἰσήγαγες,

202 2569 204 2572 <
231 2534 282 2594 ubi
310 2534 411 2594 leviter
440 2535 602 2612 legentibus
630 2540 715 2596 etiam
737 2557 896 2618 pronomen
918 2535 1171 2597 demonstrativum
1194 2535 1304 2596 ἐκεῖνον

232 2639 429 2700 difficultatem
452 2661 559 2719 augere
580 2651 691 2722 potest3
728 2645 837 2723 quippe
866 2642 1016 2702 relativum
1038 2643 1071 2702 ὃν
1092 2640 1303 2701 adnectendum

232 2755 277 2806 est
297 2748 458 2806 acmrsativo
480 2747 533 2806 sir
552 2745 626 2809 viiiv.

318 2850 457 2912 Videmur
478 2861 575 2913 autem
594 2853 678 2913 nobis
691 2854 805 2911 veniam
828 2853 1007 2932 impetraturi
1028 2871 1099 2924 esse,
1123 2853 1147 2910 si
1167 2851 1220 2910 lroc
1240 2851 1303 2910 loco

234 2958 317 3037 quasi
337 2960 367 3016 in
389 2961 532 3018 tramitem
554 2958 737 3019 deflectentes
767 2958 961 3018 collocationis
982 2976 1073 3034 genus
1095 2959 1302 3036 persequimur,

233 3060 313 3142 quod
333 3066 429 3122 nescio
452 3085 491 3123 an
512 3066 617 3124 rectius
639 3085 675 3123 ex
696 3064 751 3123 hac
772 3074 855 3144 parte
882 3064 1027 3124 exclusuri
1048 3062 1193 3124 fuerimus.
1237 3082 1304 3121 nam

234 3170 265 3225 in
295 3168 433 3249 exemplis
463 3186 539 3247 quae
567 3177 742 3246 sequuntur,
780 3189 839 3228 non
868 3179 925 3228 tam
958 3167 1108 3227 relativum
1137 3167 1198 3249 (vel
1219 3170 1304 3248 parti·
1353 3202 1356 3209 »

236 3272 355 3351 cipium)
378 3275 576 3350 transponitur
596 3293 683 3353 quarn
704 3274 875 3333 vocabulum
896 3276 956 3333 sive
977 3273 1117 3334 vocabula
1139 3276 1214 3333 inter
1232 3272 1304 3332 rela-

236 3377 327 3435 tivum
348 3388 377 3436 et
395 3377 516 3436 verbum
538 3378 624 3452 illud,
655 3378 692 3438 ad
720 3379 798 3460 quod
821 3388 932 3459 spectat
953 3379 1119 3451 relativum,
1150 3379 1307 3437 insolenter

236 3484 412 3562 interposita.
458 3486 732 3558 verumenimvero,
756 3486 893 3564 quoniam
913 3486 1032 3542 variatio
1054 3482 1186 3558 delectat,
1210 3483 1307 3544 oblata

237 3589 384 3647 occasione
419 3608 478 3646 non
513 3588 691 3648 incommode
726 3597 840 3648 utentes
877 3588 1095 3662 subnectemus,
1131 3608 1207 3667 quae
1242 3607 1307 3647 curn

236 3691 380 3773 prioribus
406 3713 465 3752 non
498 3696 602 3754 artiore
628 3694 768 3753 affinitate
796 3694 959 3758 cohaerent,
1010 3697 1034 3753 ei
1063 3692 1120 3752 duo
1150 3704 1200 3753 aut
1232 3713 1306 3753 com·

237 3797 321 3877 plura
347 3796 526 3857 substantiva
554 3818 608 3878 per
635 3799 805 3878 particulam
834 3799 1025 3878 copulativam
1052 3809 1119 3858 sunt
1147 3802 1306 3870 coniuncta,
1338 3854 1340 3857 ,

237 3923 313 3983 quae
334 3923 493 3981 pronomen
514 3904 665 3964 relativum
685 3923 804 3962 numero
834 3904 971 3981 singulari
993 3905 1139 3982 sequitur,
1176 3903 1248 3963 illud
1270 3901 1307 3961 ad

238 4019 398 4069 extremum
427 4028 533 4068 nomen
561 4008 741 4068 referendum
771 4029 834 4068 esse
863 4029 899 4068 ex
927 4011 1085 4069 communis
1111 4012 1309 4085 grammatices
1371 4049 1373 4053 -

238 4123 267 4173 et
288 4123 408 4173 naturae
429 4114 541 4191 legibus
570 4114 751 4173 maniscstum
782 4124 832 4173 est.
877 4123 1003 4175 attamen
1033 4124 1133 4173 extant
1160 4113 1215 4173 loci
1237 4133 1310 4199 nonj
