<?xml version="1.0" encoding="UTF-8"?>
<!DOCTYPE html PUBLIC "-//W3C//DTD XHTML 1.0 Transitional//EN"
    "http://www.w3.org/TR/xhtml1/DTD/xhtml1-transitional.dtd">
<html xmlns="http://www.w3.org/1999/xhtml" xml:lang="en" lang="en">
 <head>
  <title>
</title>
<meta http-equiv="Content-Type" content="text/html;charset=utf-8" />
  <meta name='ocr-system' content='tesseract 3.04.00' />
  <meta name='ocr-capabilities' content='ocr_page ocr_carea ocr_par ocr_line ocrx_word'/>
</head>
<body>
  <div class='ocr_page' id='page_1' title='image "./deliberioreling00boldgoog_0092.png"; bbox 0 0 3034 4675; ppageno 0'>
   <div class='ocr_carea' id='block_1_1' title="bbox 654 313 865 378">
    <p class='ocr_par' dir='ltr' id='par_1_1' title="bbox 654 313 865 378">
     <span class='ocr_line' id='line_1_1' title="bbox 654 313 865 378; baseline 0.019 -21"><span class='ocrx_word' id='word_1_1' title='bbox 654 313 865 378; x_wconf 70' lang='lat'>..33-</span> 
     </span>
    </p>
   </div>
   <div class='ocr_carea' id='block_1_2' title="bbox 224 488 1299 669">
    <p class='ocr_par' dir='ltr' id='par_1_2' title="bbox 224 488 1299 669">
     <span class='ocr_line' id='line_1_2' title="bbox 226 488 1299 563; baseline -0.002 -13"><span class='ocrx_word' id='word_1_2' title='bbox 226 488 265 551; x_wconf 86' lang='lat' dir='ltr'>cf.</span> <span class='ocrx_word' id='word_1_3' title='bbox 280 497 349 551; x_wconf 86' lang='lat' dir='ltr'>met.</span> <span class='ocrx_word' id='word_1_4' title='bbox 365 490 426 550; x_wconf 89' lang='lat' dir='ltr'>XII</span> <span class='ocrx_word' id='word_1_5' title='bbox 451 490 511 549; x_wconf 84' lang='lat'>194</span> <span class='ocrx_word' id='word_1_6' title='bbox 523 507 565 563; x_wconf 85' lang='lat' dir='ltr'>sq.</span> <span class='ocrx_word' id='word_1_7' title='bbox 603 490 690 548; x_wconf 90' lang='lat' dir='ltr'>etiam</span> <span class='ocrx_word' id='word_1_8' title='bbox 711 488 742 548; x_wconf 91' lang='lat' dir='ltr'>iu</span> <span class='ocrx_word' id='word_1_9' title='bbox 763 489 847 548; x_wconf 92' lang='lat' dir='ltr'>initio</span> <span class='ocrx_word' id='word_1_10' title='bbox 870 489 992 548; x_wconf 84' lang='lat' dir='ltr'>duorum</span> <span class='ocrx_word' id='word_1_11' title='bbox 1013 489 1228 549; x_wconf 88' lang='lat' dir='ltr'>enuntiatorum</span> <span class='ocrx_word' id='word_1_12' title='bbox 1249 497 1299 548; x_wconf 90' lang='lat' dir='ltr'>at-</span> 
     </span>
     <span class='ocr_line' id='line_1_3' title="bbox 224 594 1170 669; baseline -0.003 -14"><span class='ocrx_word' id='word_1_13' title='bbox 224 595 366 662; x_wconf 86' lang='lat' dir='ltr'>tributum</span> <span class='ocrx_word' id='word_1_14' title='bbox 390 601 420 654; x_wconf 91' lang='lat' dir='ltr'>et</span> <span class='ocrx_word' id='word_1_15' title='bbox 441 595 604 655; x_wconf 90' lang='lat' dir='ltr'>subiectum</span> <span class='ocrx_word' id='word_1_16' title='bbox 626 595 814 654; x_wconf 80' lang='lat' dir='ltr'>collocantur.</span> <span class='ocrx_word' id='word_1_17' title='bbox 844 594 938 667; x_wconf 81' lang='lat' dir='ltr'>Prop.</span> <span class='ocrx_word' id='word_1_18' title='bbox 962 594 988 651; x_wconf 85' lang='lat' dir='ltr'>V</span> <span class='ocrx_word' id='word_1_19' title='bbox 1012 595 1039 669; x_wconf 79' lang='lat'>7,</span> <span class='ocrx_word' id='word_1_20' title='bbox 1064 596 1103 654; x_wconf 81' lang='lat'>55</span> <span class='ocrx_word' id='word_1_21' title='bbox 1126 611 1170 667; x_wconf 84' lang='lat' dir='ltr'>sq.</span> 
     </span>
    </p>
   </div>
   <div class='ocr_carea' id='block_1_3' title="bbox 294 714 1256 903">
    <p class='ocr_par' dir='ltr' id='par_1_3' title="bbox 294 714 1256 903">
     <span class='ocr_line' id='line_1_4' title="bbox 294 714 1256 797; baseline -0.003 -20"><span class='ocrx_word' id='word_1_22' title='bbox 294 729 386 777; x_wconf 78' lang='lat' dir='ltr'>‘raam</span> <span class='ocrx_word' id='word_1_23' title='bbox 405 715 527 797; x_wconf 69' lang='lat' dir='ltr'>pomino</span> <span class='ocrx_word' id='word_1_24' title='bbox 547 725 590 777; x_wconf 82' lang='lat' dir='ltr'>est</span> <span class='ocrx_word' id='word_1_25' title='bbox 611 715 695 776; x_wconf 79' lang='lat' dir='ltr'>aedes</span> <span class='ocrx_word' id='word_1_26' title='bbox 718 724 838 797; x_wconf 77' lang='lat' dir='ltr'><em>turpem</em></span> <span class='ocrx_word' id='word_1_27' title='bbox 860 714 969 777; x_wconf 79' lang='lat' dir='ltr'>sortito</span> <span class='ocrx_word' id='word_1_28' title='bbox 984 733 1046 797; x_wconf 79' lang='lat' dir='ltr'>per</span> <span class='ocrx_word' id='word_1_29' title='bbox 1068 734 1186 777; x_wconf 79' lang='lat' dir='ltr'>omnem</span> <span class='ocrx_word' id='word_1_30' title='bbox 1251 731 1256 744; x_wconf 71' lang='grc'><strong>“</strong></span> 
     </span>
     <span class='ocr_line' id='line_1_5' title="bbox 354 818 1025 903; baseline 0 -22"><span class='ocrx_word' id='word_1_31' title='bbox 354 819 500 903; x_wconf 82' lang='lat' dir='ltr'>turboque</span> <span class='ocrx_word' id='word_1_32' title='bbox 522 819 643 882; x_wconf 72' lang='grc' dir='ltr'><strong><em>ιαὀινοα</em></strong></span> <span class='ocrx_word' id='word_1_33' title='bbox 664 819 794 901; x_wconf 69' lang='lat' dir='ltr'>remigrat</span> <span class='ocrx_word' id='word_1_34' title='bbox 816 818 913 881; x_wconf 75' lang='lat' dir='ltr'>omnia</span> <span class='ocrx_word' id='word_1_35' title='bbox 935 841 1025 903; x_wconf 84' lang='lat' dir='ltr'>aqua,</span> 
     </span>
    </p>
   </div>
   <div class='ocr_carea' id='block_1_4' title="bbox 226 937 1301 1229">
    <p class='ocr_par' dir='ltr' id='par_1_4' title="bbox 226 937 1301 1229">
     <span class='ocr_line' id='line_1_6' title="bbox 226 937 1300 1020; baseline 0 -16"><span class='ocrx_word' id='word_1_36' title='bbox 226 963 282 1020; x_wconf 90' lang='lat' dir='ltr'>quo</span> <span class='ocrx_word' id='word_1_37' title='bbox 304 937 369 1006; x_wconf 90' lang='lat' dir='ltr'>loco</span> <span class='ocrx_word' id='word_1_38' title='bbox 391 943 604 1004; x_wconf 85' lang='lat' dir='ltr'>substantivum</span> <span class='ocrx_word' id='word_1_39' title='bbox 627 942 731 1001; x_wconf 85' lang='lat' dir='ltr'>‘turba&#39;</span> <span class='ocrx_word' id='word_1_40' title='bbox 754 938 815 998; x_wconf 79' lang='grc' dir='ltr'>ἀπὸ</span> <span class='ocrx_word' id='word_1_41' title='bbox 837 948 936 999; x_wconf 82' lang='grc' dir='ltr'><strong><em>κοινοῦ</em></strong></span> <span class='ocrx_word' id='word_1_42' title='bbox 964 945 1051 1003; x_wconf 88' lang='lat' dir='ltr'>alteri</span> <span class='ocrx_word' id='word_1_43' title='bbox 1079 944 1208 1004; x_wconf 88' lang='lat' dir='ltr'>memhro</span> <span class='ocrx_word' id='word_1_44' title='bbox 1230 960 1300 1004; x_wconf 87' lang='lat' dir='ltr'>esse</span> 
     </span>
     <span class='ocr_line' id='line_1_7' title="bbox 227 1048 885 1113; baseline -0.009 -1"><span class='ocrx_word' id='word_1_45' title='bbox 227 1052 358 1113; x_wconf 86' lang='lat' dir='ltr'>additum</span> <span class='ocrx_word' id='word_1_46' title='bbox 379 1066 438 1110; x_wconf 89' lang='lat' dir='ltr'>nou</span> <span class='ocrx_word' id='word_1_47' title='bbox 461 1050 556 1109; x_wconf 89' lang='lat' dir='ltr'>minus</span> <span class='ocrx_word' id='word_1_48' title='bbox 577 1054 661 1109; x_wconf 88' lang='lat' dir='ltr'>reete·</span> <span class='ocrx_word' id='word_1_49' title='bbox 678 1048 795 1110; x_wconf 82' lang='lat' dir='ltr'>dixeris.</span> <span class='ocrx_word' id='word_1_50' title='bbox 882 1100 885 1106; x_wconf 78' lang='grc'>,</span> 
     </span>
     <span class='ocr_line' id='line_1_8' title="bbox 312 1150 1301 1229; baseline -0.006 -14"><span class='ocrx_word' id='word_1_51' title='bbox 312 1156 408 1215; x_wconf 79' lang='lat' dir='ltr'>Aliam</span> <span class='ocrx_word' id='word_1_52' title='bbox 427 1155 637 1228; x_wconf 61' lang='lat' dir='ltr'>martianam,</span> <span class='ocrx_word' id='word_1_53' title='bbox 660 1170 745 1227; x_wconf 87' lang='lat' dir='ltr'>quam</span> <span class='ocrx_word' id='word_1_54' title='bbox 760 1160 791 1213; x_wconf 91' lang='lat' dir='ltr'>et</span> <span class='ocrx_word' id='word_1_55' title='bbox 812 1155 904 1229; x_wconf 82' lang='lat' dir='ltr'><strong>ipsam</strong></span> <span class='ocrx_word' id='word_1_56' title='bbox 925 1156 964 1215; x_wconf 86' lang='lat' dir='ltr'>ad</span> <span class='ocrx_word' id='word_1_57' title='bbox 985 1155 1102 1216; x_wconf 88' lang='lat' dir='ltr'>schema</span> <span class='ocrx_word' id='word_1_58' title='bbox 1122 1150 1182 1210; x_wconf 75' lang='lat' dir='ltr'>auh</span> <span class='ocrx_word' id='word_1_59' title='bbox 1196 1157 1301 1210; x_wconf 71' lang='grc' dir='ltr'><strong><em>κοινοῦ</em></strong></span> 
     </span>
    </p>
   </div>
   <div class='ocr_carea' id='block_1_5' title="bbox 222 1257 1301 2071">
    <p class='ocr_par' dir='ltr' id='par_1_5' title="bbox 226 1257 1298 1656">
     <span class='ocr_line' id='line_1_9' title="bbox 226 1257 1298 1334; baseline -0.001 -13"><span class='ocrx_word' id='word_1_60' title='bbox 226 1261 355 1322; x_wconf 90' lang='lat' dir='ltr'>homines</span> <span class='ocrx_word' id='word_1_61' title='bbox 377 1261 455 1321; x_wconf 84' lang='lat' dir='ltr'>docti</span> <span class='ocrx_word' id='word_1_62' title='bbox 483 1261 570 1334; x_wconf 80' lang='lat' dir='ltr'>uulgo</span> <span class='ocrx_word' id='word_1_63' title='bbox 596 1257 745 1334; x_wconf 86' lang='lat' dir='ltr'>referunt,</span> <span class='ocrx_word' id='word_1_64' title='bbox 777 1259 825 1317; x_wconf 92' lang='lat' dir='ltr'>hic</span> <span class='ocrx_word' id='word_1_65' title='bbox 851 1261 1032 1334; x_wconf 90' lang='lat' dir='ltr'>potissimum</span> <span class='ocrx_word' id='word_1_66' title='bbox 1054 1260 1298 1332; x_wconf 68' lang='lat' dir='ltr'>commemorabo,</span> 
     </span>
     <span class='ocr_line' id='line_1_10' title="bbox 226 1366 687 1437; baseline -0.009 -10"><span class='ocrx_word' id='word_1_67' title='bbox 226 1367 340 1428; x_wconf 79' lang='lat' dir='ltr'>Gallim.</span> <span class='ocrx_word' id='word_1_68' title='bbox 362 1367 393 1427; x_wconf 90' lang='lat' dir='ltr'>h.</span> <span class='ocrx_word' id='word_1_69' title='bbox 418 1367 450 1426; x_wconf 88' lang='lat' dir='ltr'>in</span> <span class='ocrx_word' id='word_1_70' title='bbox 469 1366 536 1427; x_wconf 89' lang='lat' dir='ltr'>Del.</span> <span class='ocrx_word' id='word_1_71' title='bbox 559 1366 621 1425; x_wconf 77' lang='lat'>323</span> <span class='ocrx_word' id='word_1_72' title='bbox 643 1381 687 1437; x_wconf 85' lang='lat' dir='ltr'>sq.</span> 
     </span>
     <span class='ocr_line' id='line_1_11' title="bbox 642 1461 1048 1548; baseline 0.005 -24"><span class='ocrx_word' id='word_1_73' title='bbox 642 1462 663 1524; x_wconf 77' lang='grc' dir='ltr'><strong><em>ἃ</em></strong></span> <span class='ocrx_word' id='word_1_74' title='bbox 684 1461 805 1544; x_wconf 67' lang='grc' dir='ltr'><strong><em>Δηλιὰς</em></strong></span> <span class='ocrx_word' id='word_1_75' title='bbox 821 1465 924 1548; x_wconf 65' lang='lat' dir='ltr'>stipere</span> <span class='ocrx_word' id='word_1_76' title='bbox 945 1466 1048 1548; x_wconf 78' lang='grc' dir='ltr'><strong><em>νύμφη</em></strong></span> 
     </span>
     <span class='ocr_line' id='line_1_12' title="bbox 394 1566 1131 1656; baseline 0.003 -24"><span class='ocrx_word' id='word_1_77' title='bbox 394 1570 515 1651; x_wconf 77' lang='grc' dir='ltr'><strong><em>παίγνια</em></strong></span> <span class='ocrx_word' id='word_1_78' title='bbox 537 1568 701 1652; x_wconf 69' lang='grc' dir='ltr'><strong><em>κουρίζοντι</em></strong></span> <span class='ocrx_word' id='word_1_79' title='bbox 723 1570 773 1630; x_wconf 82' lang='grc' dir='ltr'>καὶ</span> <span class='ocrx_word' id='word_1_80' title='bbox 791 1566 955 1631; x_wconf 78' lang='grc' dir='ltr'><strong><em>Ἀπόλλωνι</em></strong></span> <span class='ocrx_word' id='word_1_81' title='bbox 976 1571 1131 1656; x_wconf 62' lang='lat' dir='ltr'>ymarum.</span> 
     </span>
    </p>

    <p class='ocr_par' dir='ltr' id='par_1_6' title="bbox 222 1674 1301 2071">
     <span class='ocr_line' id='line_1_13' title="bbox 222 1674 1300 1756; baseline 0 -17"><span class='ocrx_word' id='word_1_82' title='bbox 222 1674 386 1739; x_wconf 78' lang='grc' dir='ltr'><strong><em>Ἀπόλλωνι</em></strong></span> <span class='ocrx_word' id='word_1_83' title='bbox 408 1681 484 1743; x_wconf 88' lang='lat' dir='ltr'>enim</span> <span class='ocrx_word' id='word_1_84' title='bbox 498 1680 576 1739; x_wconf 92' lang='lat' dir='ltr'>inter</span> <span class='ocrx_word' id='word_1_85' title='bbox 597 1680 720 1739; x_wconf 89' lang='lat' dir='ltr'>alterum</span> <span class='ocrx_word' id='word_1_86' title='bbox 735 1679 896 1739; x_wconf 85' lang='lat' dir='ltr'>membrum</span> <span class='ocrx_word' id='word_1_87' title='bbox 916 1675 965 1735; x_wconf 80' lang='grc' dir='ltr'>καὶ</span> <span class='ocrx_word' id='word_1_88' title='bbox 979 1676 1124 1756; x_wconf 77' lang='grc' dir='ltr'><strong><em>γιλαστύν</em></strong></span> <span class='ocrx_word' id='word_1_89' title='bbox 1144 1682 1188 1740; x_wconf 88' lang='lat' dir='ltr'>lta</span> <span class='ocrx_word' id='word_1_90' title='bbox 1204 1681 1300 1740; x_wconf 45' lang='lat' dir='ltr'>inter-1</span> 
     </span>
     <span class='ocr_line' id='line_1_14' title="bbox 227 1771 1298 1862; baseline 0 -17"><span class='ocrx_word' id='word_1_91' title='bbox 227 1788 352 1862; x_wconf 94' lang='lat' dir='ltr'>positum</span> <span class='ocrx_word' id='word_1_92' title='bbox 375 1792 436 1862; x_wconf 92' lang='lat' dir='ltr'>est,</span> <span class='ocrx_word' id='word_1_93' title='bbox 470 1791 503 1843; x_wconf 95' lang='lat' dir='ltr'>ut</span> <span class='ocrx_word' id='word_1_94' title='bbox 523 1784 618 1858; x_wconf 86' lang='lat' dir='ltr'>primo</span> <span class='ocrx_word' id='word_1_95' title='bbox 638 1785 741 1845; x_wconf 90' lang='lat' dir='ltr'>obtutu</span> <span class='ocrx_word' id='word_1_96' title='bbox 764 1779 818 1839; x_wconf 80' lang='grc' dir='ltr'>καί</span> <span class='ocrx_word' id='word_1_97' title='bbox 838 1792 867 1844; x_wconf 91' lang='lat' dir='ltr'>et</span> <span class='ocrx_word' id='word_1_98' title='bbox 880 1771 1044 1842; x_wconf 76' lang='grc' dir='ltr'><strong><em>Ἀπόλλωνι</em></strong></span> <span class='ocrx_word' id='word_1_99' title='bbox 1067 1785 1298 1861; x_wconf 82' lang='lat' dir='ltr'>coniungendam</span> 
     </span>
     <span class='ocr_line' id='line_1_15' title="bbox 227 1887 1301 1970; baseline -0.003 -19"><span class='ocrx_word' id='word_1_100' title='bbox 227 1908 290 1952; x_wconf 91' lang='lat' dir='ltr'>esse</span> <span class='ocrx_word' id='word_1_101' title='bbox 318 1898 411 1965; x_wconf 85' lang='lat' dir='ltr'>putes,</span> <span class='ocrx_word' id='word_1_102' title='bbox 440 1890 613 1966; x_wconf 89' lang='lat' dir='ltr'>praesertim</span> <span class='ocrx_word' id='word_1_103' title='bbox 640 1906 705 1950; x_wconf 92' lang='lat' dir='ltr'>cum</span> <span class='ocrx_word' id='word_1_104' title='bbox 731 1891 819 1964; x_wconf 89' lang='lat' dir='ltr'>paulo</span> <span class='ocrx_word' id='word_1_105' title='bbox 848 1897 915 1950; x_wconf 90' lang='lat' dir='ltr'>ante</span> <span class='ocrx_word' id='word_1_106' title='bbox 942 1893 1100 1966; x_wconf 81' lang='lat' dir='ltr'>praecedat</span> <span class='ocrx_word' id='word_1_107' title='bbox 1121 1887 1301 1970; x_wconf 62' lang='grc' dir='ltr'><strong><em>κουρίζοντι,</em></strong></span> 
     </span>
     <span class='ocr_line' id='line_1_16' title="bbox 227 1995 1301 2071; baseline 0 -15"><span class='ocrx_word' id='word_1_108' title='bbox 227 1996 305 2071; x_wconf 90' lang='lat' dir='ltr'>quod</span> <span class='ocrx_word' id='word_1_109' title='bbox 327 1998 384 2056; x_wconf 90' lang='lat' dir='ltr'>iam</span> <span class='ocrx_word' id='word_1_110' title='bbox 406 2013 459 2071; x_wconf 92' lang='lat' dir='ltr'>per</span> <span class='ocrx_word' id='word_1_111' title='bbox 480 2012 511 2055; x_wconf 87' lang='lat' dir='ltr'>se</span> <span class='ocrx_word' id='word_1_112' title='bbox 525 1995 618 2070; x_wconf 90' lang='lat' dir='ltr'>ipsum</span> <span class='ocrx_word' id='word_1_113' title='bbox 631 1995 761 2068; x_wconf 74' lang='lat' dir='ltr'>intellegi</span> <span class='ocrx_word' id='word_1_114' title='bbox 781 2000 886 2069; x_wconf 83' lang='lat' dir='ltr'>potest.</span> <span class='ocrx_word' id='word_1_115' title='bbox 920 1997 975 2056; x_wconf 88' lang='lat' dir='ltr'>hac</span> <span class='ocrx_word' id='word_1_116' title='bbox 989 2004 1085 2057; x_wconf 88' lang='lat' dir='ltr'>autem</span> <span class='ocrx_word' id='word_1_117' title='bbox 1106 1998 1301 2057; x_wconf 82' lang='lat' dir='ltr'>collocatione</span> 
     </span>
    </p>
   </div>
   <div class='ocr_carea' id='block_1_6' title="bbox 227 2100 1396 2175">
    <p class='ocr_par' dir='ltr' id='par_1_7' title="bbox 227 2100 1396 2175">
     <span class='ocr_line' id='line_1_17' title="bbox 227 2100 1396 2175; baseline 0 -13"><span class='ocrx_word' id='word_1_118' title='bbox 227 2101 390 2162; x_wconf 79' lang='lat' dir='ltr'>obscuritas</span> <span class='ocrx_word' id='word_1_119' title='bbox 410 2101 550 2161; x_wconf 90' lang='lat' dir='ltr'>orationis</span> <span class='ocrx_word' id='word_1_120' title='bbox 571 2100 680 2175; x_wconf 83' lang='lat' dir='ltr'>existit,</span> <span class='ocrx_word' id='word_1_121' title='bbox 710 2117 775 2159; x_wconf 89' lang='lat' dir='ltr'>cum</span> <span class='ocrx_word' id='word_1_122' title='bbox 800 2101 881 2174; x_wconf 90' lang='lat' dir='ltr'>prius</span> <span class='ocrx_word' id='word_1_123' title='bbox 901 2102 1061 2162; x_wconf 86' lang='lat' dir='ltr'>membrum</span> <span class='ocrx_word' id='word_1_124' title='bbox 1082 2103 1156 2162; x_wconf 93' lang='lat' dir='ltr'>nihil</span> <span class='ocrx_word' id='word_1_125' title='bbox 1178 2119 1302 2162; x_wconf 90' lang='lat' dir='ltr'>mancae</span> <span class='ocrx_word' id='word_1_126' title='bbox 1392 2161 1396 2174; x_wconf 67' lang='grc'>,</span> 
     </span>
    </p>
   </div>
   <div class='ocr_carea' id='block_1_7' title="bbox 226 2205 1364 3147">
    <p class='ocr_par' dir='ltr' id='par_1_8' title="bbox 226 2205 1364 3147">
     <span class='ocr_line' id='line_1_18' title="bbox 226 2205 1297 2283; baseline -0.001 -15"><span class='ocrx_word' id='word_1_127' title='bbox 226 2214 258 2268; x_wconf 89' lang='lat' dir='ltr'>et</span> <span class='ocrx_word' id='word_1_128' title='bbox 286 2206 475 2283; x_wconf 83' lang='lat' dir='ltr'>imperfectae</span> <span class='ocrx_word' id='word_1_129' title='bbox 503 2206 725 2267; x_wconf 88' lang='lat' dir='ltr'>constructionis</span> <span class='ocrx_word' id='word_1_130' title='bbox 754 2205 862 2266; x_wconf 88' lang='lat' dir='ltr'>habere</span> <span class='ocrx_word' id='word_1_131' title='bbox 895 2208 1045 2283; x_wconf 69' lang='lat' dir='ltr'>videmur,</span> <span class='ocrx_word' id='word_1_132' title='bbox 1083 2208 1126 2267; x_wconf 90' lang='lat' dir='ltr'>ita</span> <span class='ocrx_word' id='word_1_133' title='bbox 1157 2214 1197 2282; x_wconf 89' lang='lat' dir='ltr'>ut,</span> <span class='ocrx_word' id='word_1_134' title='bbox 1229 2208 1297 2267; x_wconf 91' lang='lat' dir='ltr'>dum</span> 
     </span>
     <span class='ocr_line' id='line_1_19' title="bbox 227 2304 1302 2399; baseline -0.007 -24"><span class='ocrx_word' id='word_1_135' title='bbox 227 2317 352 2376; x_wconf 90' lang='lat' dir='ltr'>alterum</span> <span class='ocrx_word' id='word_1_136' title='bbox 374 2314 532 2374; x_wconf 88' lang='lat' dir='ltr'>membrum</span> <span class='ocrx_word' id='word_1_137' title='bbox 554 2313 642 2387; x_wconf 81' lang='lat' dir='ltr'>legas,</span> <span class='ocrx_word' id='word_1_138' title='bbox 665 2328 723 2399; x_wconf 88' lang='lat' dir='ltr'>non</span> <span class='ocrx_word' id='word_1_139' title='bbox 738 2313 837 2372; x_wconf 87' lang='lat' dir='ltr'>statim</span> <span class='ocrx_word' id='word_1_140' title='bbox 852 2313 997 2387; x_wconf 84' lang='lat' dir='ltr'>percipias</span> <span class='ocrx_word' id='word_1_141' title='bbox 1018 2330 1118 2375; x_wconf 85' lang='lat' dir='ltr'>vocem</span> <span class='ocrx_word' id='word_1_142' title='bbox 1133 2304 1302 2370; x_wconf 79' lang='grc' dir='ltr'><strong><em>Ἀπόλλωνι·</em></strong></span> 
     </span>
     <span class='ocr_line' id='line_1_20' title="bbox 227 2411 1300 2496; baseline -0.004 -15"><span class='ocrx_word' id='word_1_143' title='bbox 227 2421 266 2481; x_wconf 90' lang='lat' dir='ltr'>ad</span> <span class='ocrx_word' id='word_1_144' title='bbox 301 2420 488 2495; x_wconf 85' lang='lat' dir='ltr'>participium</span> <span class='ocrx_word' id='word_1_145' title='bbox 521 2411 685 2496; x_wconf 82' lang='grc' dir='ltr'><strong><em>κουρίζοντι</em></strong></span> <span class='ocrx_word' id='word_1_146' title='bbox 722 2418 881 2491; x_wconf 88' lang='lat' dir='ltr'>pertinere.</span> <span class='ocrx_word' id='word_1_147' title='bbox 933 2435 998 2477; x_wconf 89' lang='lat' dir='ltr'>cum</span> <span class='ocrx_word' id='word_1_148' title='bbox 1030 2421 1085 2478; x_wconf 87' lang='lat' dir='ltr'>hoc</span> <span class='ocrx_word' id='word_1_149' title='bbox 1114 2420 1178 2479; x_wconf 91' lang='lat' dir='ltr'>loco</span> <span class='ocrx_word' id='word_1_150' title='bbox 1207 2420 1300 2480; x_wconf 83' lang='lat' dir='ltr'>Calli·</span> 
     </span>
     <span class='ocr_line' id='line_1_21' title="bbox 228 2525 1302 2603; baseline -0.001 -18"><span class='ocrx_word' id='word_1_151' title='bbox 228 2527 361 2603; x_wconf 85' lang='lat' dir='ltr'>macheu,</span> <span class='ocrx_word' id='word_1_152' title='bbox 384 2542 441 2598; x_wconf 87' lang='lat' dir='ltr'>quo</span> <span class='ocrx_word' id='word_1_153' title='bbox 463 2525 575 2597; x_wconf 85' lang='lat' dir='ltr'>lusum,</span> <span class='ocrx_word' id='word_1_154' title='bbox 612 2529 644 2582; x_wconf 92' lang='lat' dir='ltr'>at</span> <span class='ocrx_word' id='word_1_155' title='bbox 670 2540 729 2582; x_wconf 94' lang='lat' dir='ltr'>non</span> <span class='ocrx_word' id='word_1_156' title='bbox 751 2525 814 2583; x_wconf 91' lang='lat' dir='ltr'>sine</span> <span class='ocrx_word' id='word_1_157' title='bbox 836 2525 907 2583; x_wconf 87' lang='lat' dir='ltr'>artis</span> <span class='ocrx_word' id='word_1_158' title='bbox 935 2525 1056 2585; x_wconf 91' lang='lat' dir='ltr'>consilio</span> <span class='ocrx_word' id='word_1_159' title='bbox 1086 2525 1302 2599; x_wconf 69' lang='lat' dir='ltr'>deprehendasr</span> 
     </span>
     <span class='ocr_line' id='line_1_22' title="bbox 229 2628 1068 2705; baseline -0.005 -13"><span class='ocrx_word' id='word_1_160' title='bbox 229 2630 267 2692; x_wconf 85' lang='lat' dir='ltr'>cf.</span> <span class='ocrx_word' id='word_1_161' title='bbox 288 2630 413 2693; x_wconf 88' lang='lat' dir='ltr'>Diodori</span> <span class='ocrx_word' id='word_1_162' title='bbox 434 2629 613 2703; x_wconf 74' lang='lat' dir='ltr'>epigramma</span> <span class='ocrx_word' id='word_1_163' title='bbox 634 2628 714 2691; x_wconf 86' lang='lat' dir='ltr'>anth.</span> <span class='ocrx_word' id='word_1_164' title='bbox 735 2628 799 2689; x_wconf 89' lang='lat' dir='ltr'>Pal.</span> <span class='ocrx_word' id='word_1_165' title='bbox 821 2630 866 2688; x_wconf 91' lang='lat' dir='ltr'>IX</span> <span class='ocrx_word' id='word_1_166' title='bbox 889 2629 959 2705; x_wconf 83' lang='grc'><strong>776,</strong></span> <span class='ocrx_word' id='word_1_167' title='bbox 984 2631 1002 2689; x_wconf 90' lang='grc'><strong>3</strong></span> <span class='ocrx_word' id='word_1_168' title='bbox 1024 2646 1068 2702; x_wconf 88' lang='lat' dir='ltr'>sq.</span> 
     </span>
     <span class='ocr_line' id='line_1_23' title="bbox 622 2726 1114 2809; baseline 0.004 -21"><span class='ocrx_word' id='word_1_169' title='bbox 622 2756 626 2763; x_wconf 91' lang='lat'><strong>·</strong></span> <span class='ocrx_word' id='word_1_170' title='bbox 849 2728 909 2807; x_wconf 76' lang='grc' dir='ltr'>εἰμὶ</span> <span class='ocrx_word' id='word_1_171' title='bbox 931 2726 960 2789; x_wconf 75' lang='grc' dir='ltr'>δ”</span> <span class='ocrx_word' id='word_1_172' title='bbox 982 2728 1114 2809; x_wconf 76' lang='grc' dir='ltr'><strong><em>ἀνάσσης</em></strong></span> 
     </span>
     <span class='ocr_line' id='line_1_24' title="bbox 396 2831 1079 2915; baseline 0.007 -22"><span class='ocrx_word' id='word_1_173' title='bbox 396 2832 483 2893; x_wconf 78' lang='grc' dir='ltr'><strong><em>εἰκὼν</em></strong></span> <span class='ocrx_word' id='word_1_174' title='bbox 505 2831 555 2892; x_wconf 81' lang='grc' dir='ltr'>καὶ</span> <span class='ocrx_word' id='word_1_175' title='bbox 576 2831 707 2913; x_wconf 78' lang='grc' dir='ltr'><em>μεγάλης</em></span> <span class='ocrx_word' id='word_1_176' title='bbox 728 2832 866 2910; x_wconf 77' lang='grc' dir='ltr'><strong><em>λείπομαι</em></strong></span> <span class='ocrx_word' id='word_1_177' title='bbox 888 2831 951 2894; x_wconf 71' lang='grc' dir='ltr'>οὐδ’</span> <span class='ocrx_word' id='word_1_178' title='bbox 973 2835 1079 2915; x_wconf 77' lang='grc' dir='ltr'><strong><em>ὀλίγον.</em></strong></span> 
     </span>
     <span class='ocr_line' id='line_1_25' title="bbox 228 2943 1364 3025; baseline -0.002 -18"><span class='ocrx_word' id='word_1_179' title='bbox 228 2953 314 3020; x_wconf 80' lang='lat' dir='ltr'>atque</span> <span class='ocrx_word' id='word_1_180' title='bbox 335 2945 476 3007; x_wconf 88' lang='lat' dir='ltr'>eLatinis</span> <span class='ocrx_word' id='word_1_181' title='bbox 496 2943 602 3003; x_wconf 84' lang='lat' dir='ltr'>litteris</span> <span class='ocrx_word' id='word_1_182' title='bbox 617 2944 656 3004; x_wconf 87' lang='lat' dir='ltr'>ad</span> <span class='ocrx_word' id='word_1_183' title='bbox 671 2944 891 3025; x_wconf 88' lang='lat' dir='ltr'>similitudinem</span> <span class='ocrx_word' id='word_1_184' title='bbox 912 2945 1296 3021; x_wconf 85' lang='lat' dir='ltr'>acceditProp.IV14,1&#39;7</span> <span class='ocrx_word' id='word_1_185' title='bbox 1362 3008 1364 3011; x_wconf 73' lang='grc'><strong>,</strong></span> 
     </span>
     <span class='ocr_line' id='line_1_26' title="bbox 370 3060 1144 3147; baseline 0 -22"><span class='ocrx_word' id='word_1_186' title='bbox 370 3062 469 3147; x_wconf 82' lang='lat' dir='ltr'>qualia</span> <span class='ocrx_word' id='word_1_187' title='bbox 491 3072 518 3123; x_wconf 86' lang='lat' dir='ltr'>ct</span> <span class='ocrx_word' id='word_1_188' title='bbox 539 3061 678 3122; x_wconf 84' lang='lat' dir='ltr'>Eurotae</span> <span class='ocrx_word' id='word_1_189' title='bbox 698 3060 811 3124; x_wconf 77' lang='lat' dir='ltr'>Pollae</span> <span class='ocrx_word' id='word_1_190' title='bbox 831 3072 859 3124; x_wconf 85' lang='lat' dir='ltr'>et</span> <span class='ocrx_word' id='word_1_191' title='bbox 882 3061 992 3125; x_wconf 78' lang='lat' dir='ltr'>Castor</span> <span class='ocrx_word' id='word_1_192' title='bbox 1012 3062 1144 3142; x_wconf 78' lang='lat' dir='ltr'>harenis,</span> 
     </span>
    </p>
   </div>
   <div class='ocr_carea' id='block_1_8' title="bbox 229 3186 1303 3564">
    <p class='ocr_par' dir='ltr' id='par_1_9' title="bbox 229 3186 1303 3564">
     <span class='ocr_line' id='line_1_27' title="bbox 229 3186 1303 3264; baseline 0 -15"><span class='ocrx_word' id='word_1_193' title='bbox 229 3191 280 3250; x_wconf 90' lang='lat' dir='ltr'>uhi</span> <span class='ocrx_word' id='word_1_194' title='bbox 304 3188 461 3258; x_wconf 79' lang='lat' dir='ltr'>‘Eurotae’,</span> <span class='ocrx_word' id='word_1_195' title='bbox 492 3186 569 3260; x_wconf 89' lang='lat' dir='ltr'>quod</span> <span class='ocrx_word' id='word_1_196' title='bbox 590 3186 762 3248; x_wconf 90' lang='lat' dir='ltr'>attributum</span> <span class='ocrx_word' id='word_1_197' title='bbox 784 3189 822 3247; x_wconf 86' lang='lat' dir='ltr'>ad</span> <span class='ocrx_word' id='word_1_198' title='bbox 844 3188 960 3247; x_wconf 89' lang='lat' dir='ltr'>harenis</span> <span class='ocrx_word' id='word_1_199' title='bbox 980 3190 1123 3264; x_wconf 87' lang='lat' dir='ltr'>pertinet,</span> <span class='ocrx_word' id='word_1_200' title='bbox 1157 3189 1200 3248; x_wconf 90' lang='lat' dir='ltr'>sic</span> <span class='ocrx_word' id='word_1_201' title='bbox 1220 3191 1303 3249; x_wconf 85' lang='lat' dir='ltr'>iuter·</span> 
     </span>
     <span class='ocr_line' id='line_1_28' title="bbox 230 3289 1298 3370; baseline 0 -16"><span class='ocrx_word' id='word_1_202' title='bbox 230 3294 270 3355; x_wconf 85' lang='lat' dir='ltr'>‘et</span> <span class='ocrx_word' id='word_1_203' title='bbox 291 3295 407 3353; x_wconf 86' lang='lat' dir='ltr'>Pollux&#39;</span> <span class='ocrx_word' id='word_1_204' title='bbox 431 3291 637 3364; x_wconf 87' lang='lat' dir='ltr'>interpositum</span> <span class='ocrx_word' id='word_1_205' title='bbox 658 3297 711 3366; x_wconf 85' lang='lat' dir='ltr'>est,</span> <span class='ocrx_word' id='word_1_206' title='bbox 741 3294 824 3365; x_wconf 89' lang='lat' dir='ltr'>quasi</span> <span class='ocrx_word' id='word_1_207' title='bbox 846 3289 886 3353; x_wconf 81' lang='lat' dir='ltr'>‘et</span> <span class='ocrx_word' id='word_1_208' title='bbox 907 3291 1044 3352; x_wconf 83' lang='lat' dir='ltr'>Eurotae’</span> <span class='ocrx_word' id='word_1_209' title='bbox 1068 3294 1298 3370; x_wconf 78' lang='lat' dir='ltr'>coniungendam</span> 
     </span>
     <span class='ocr_line' id='line_1_29' title="bbox 229 3396 1303 3475; baseline -0.002 -15"><span class='ocrx_word' id='word_1_210' title='bbox 229 3406 324 3475; x_wconf 83' lang='lat' dir='ltr'>esset,</span> <span class='ocrx_word' id='word_1_211' title='bbox 355 3414 420 3456; x_wconf 90' lang='lat' dir='ltr'>cum</span> <span class='ocrx_word' id='word_1_212' title='bbox 448 3397 519 3455; x_wconf 91' lang='lat' dir='ltr'>haec</span> <span class='ocrx_word' id='word_1_213' title='bbox 547 3397 585 3456; x_wconf 90' lang='lat' dir='ltr'>sit</span> <span class='ocrx_word' id='word_1_214' title='bbox 614 3398 791 3456; x_wconf 88' lang='lat' dir='ltr'>constructio</span> <span class='ocrx_word' id='word_1_215' title='bbox 831 3396 933 3471; x_wconf 90' lang='lat' dir='ltr'>‘qualis</span> <span class='ocrx_word' id='word_1_216' title='bbox 955 3404 985 3457; x_wconf 91' lang='lat' dir='ltr'>et</span> <span class='ocrx_word' id='word_1_217' title='bbox 1004 3397 1107 3458; x_wconf 84' lang='lat' dir='ltr'>Pollux</span> <span class='ocrx_word' id='word_1_218' title='bbox 1136 3406 1166 3459; x_wconf 91' lang='lat' dir='ltr'>et</span> <span class='ocrx_word' id='word_1_219' title='bbox 1194 3400 1303 3460; x_wconf 87' lang='lat' dir='ltr'>Castor</span> 
     </span>
     <span class='ocr_line' id='line_1_30' title="bbox 229 3500 1039 3564; baseline -0.005 -1"><span class='ocrx_word' id='word_1_220' title='bbox 229 3505 358 3564; x_wconf 85' lang='lat' dir='ltr'>Eurotae</span> <span class='ocrx_word' id='word_1_221' title='bbox 379 3503 515 3562; x_wconf 90' lang='lat' dir='ltr'>harenis’.</span> <span class='ocrx_word' id='word_1_222' title='bbox 1037 3500 1039 3504; x_wconf 79' lang='grc'><strong>’</strong></span> 
     </span>
    </p>
   </div>
   <div class='ocr_carea' id='block_1_9' title="bbox 230 3626 1301 4131">
    <p class='ocr_par' dir='ltr' id='par_1_10' title="bbox 230 3626 1301 4131">
     <span class='ocr_line' id='line_1_31' title="bbox 317 3626 1300 3704; baseline 0.002 -17"><span class='ocrx_word' id='word_1_223' title='bbox 317 3629 450 3689; x_wconf 86' lang='lat' dir='ltr'>Studium</span> <span class='ocrx_word' id='word_1_224' title='bbox 467 3636 564 3689; x_wconf 91' lang='lat' dir='ltr'>autem</span> <span class='ocrx_word' id='word_1_225' title='bbox 585 3628 670 3704; x_wconf 85' lang='lat' dir='ltr'>illud,</span> <span class='ocrx_word' id='word_1_226' title='bbox 691 3627 770 3702; x_wconf 88' lang='lat' dir='ltr'>quod</span> <span class='ocrx_word' id='word_1_227' title='bbox 791 3644 878 3702; x_wconf 90' lang='lat' dir='ltr'>supra</span> <span class='ocrx_word' id='word_1_228' title='bbox 900 3629 1094 3704; x_wconf 80' lang='lat' dir='ltr'>cognorimus,</span> <span class='ocrx_word' id='word_1_229' title='bbox 1117 3626 1300 3690; x_wconf 85' lang='lat' dir='ltr'>hemistichia</span> 
     </span>
     <span class='ocr_line' id='line_1_32' title="bbox 231 3733 1298 3808; baseline -0.001 -13"><span class='ocrx_word' id='word_1_230' title='bbox 231 3752 365 3795; x_wconf 83' lang='lat' dir='ltr'>versuum</span> <span class='ocrx_word' id='word_1_231' title='bbox 388 3736 529 3795; x_wconf 90' lang='lat' dir='ltr'>attributo</span> <span class='ocrx_word' id='word_1_232' title='bbox 558 3740 588 3793; x_wconf 91' lang='lat' dir='ltr'>et</span> <span class='ocrx_word' id='word_1_233' title='bbox 608 3733 791 3793; x_wconf 88' lang='lat' dir='ltr'>substantivo</span> <span class='ocrx_word' id='word_1_234' title='bbox 811 3733 1002 3808; x_wconf 85' lang='lat' dir='ltr'>terminandi,</span> <span class='ocrx_word' id='word_1_235' title='bbox 1035 3733 1187 3795; x_wconf 89' lang='lat' dir='ltr'>liberiores</span> <span class='ocrx_word' id='word_1_236' title='bbox 1209 3736 1298 3795; x_wconf 91' lang='lat' dir='ltr'>collo·</span> 
     </span>
     <span class='ocr_line' id='line_1_33' title="bbox 230 3838 1300 3919; baseline -0.002 -19"><span class='ocrx_word' id='word_1_237' title='bbox 230 3841 358 3901; x_wconf 89' lang='lat' dir='ltr'>cationes</span> <span class='ocrx_word' id='word_1_238' title='bbox 379 3841 511 3919; x_wconf 88' lang='lat' dir='ltr'>peperit,</span> <span class='ocrx_word' id='word_1_239' title='bbox 546 3854 619 3912; x_wconf 85' lang='lat' dir='ltr'>quae</span> <span class='ocrx_word' id='word_1_240' title='bbox 640 3839 718 3913; x_wconf 90' lang='lat' dir='ltr'>apud</span> <span class='ocrx_word' id='word_1_241' title='bbox 739 3838 875 3899; x_wconf 88' lang='lat' dir='ltr'>Ovidium</span> <span class='ocrx_word' id='word_1_242' title='bbox 902 3856 960 3898; x_wconf 90' lang='lat' dir='ltr'>non</span> <span class='ocrx_word' id='word_1_243' title='bbox 980 3839 1024 3898; x_wconf 87' lang='lat' dir='ltr'>ita</span> <span class='ocrx_word' id='word_1_244' title='bbox 1044 3856 1112 3900; x_wconf 88' lang='lat' dir='ltr'>raro</span> <span class='ocrx_word' id='word_1_245' title='bbox 1133 3847 1300 3911; x_wconf 79' lang='lat' dir='ltr'>occurrunt,</span> 
     </span>
     <span class='ocr_line' id='line_1_34' title="bbox 231 3942 1301 4017; baseline -0.001 -12"><span class='ocrx_word' id='word_1_246' title='bbox 231 3953 263 4005; x_wconf 94' lang='lat' dir='ltr'>ut</span> <span class='ocrx_word' id='word_1_247' title='bbox 286 3947 363 4005; x_wconf 89' lang='lat' dir='ltr'>inter</span> <span class='ocrx_word' id='word_1_248' title='bbox 383 3946 594 4005; x_wconf 84' lang='lat' dir='ltr'>substantivum</span> <span class='ocrx_word' id='word_1_249' title='bbox 620 3944 736 4017; x_wconf 90' lang='lat' dir='ltr'>eiusque</span> <span class='ocrx_word' id='word_1_250' title='bbox 765 3942 936 4004; x_wconf 88' lang='lat' dir='ltr'>attributum</span> <span class='ocrx_word' id='word_1_251' title='bbox 966 3945 1107 4004; x_wconf 90' lang='lat' dir='ltr'>enuntiati</span> <span class='ocrx_word' id='word_1_252' title='bbox 1135 3946 1301 4006; x_wconf 89' lang='lat' dir='ltr'>secundarii</span> 
     </span>
     <span class='ocr_line' id='line_1_35' title="bbox 230 4038 1301 4131; baseline -0.001 -20"><span class='ocrx_word' id='word_1_253' title='bbox 230 4038 389 4111; x_wconf 86' lang='lat' dir='ltr'>membrum</span> <span class='ocrx_word' id='word_1_254' title='bbox 414 4051 582 4131; x_wconf 87' lang='lat' dir='ltr'>primarium</span> <span class='ocrx_word' id='word_1_255' title='bbox 611 4049 649 4108; x_wconf 88' lang='lat' dir='ltr'>sit</span> <span class='ocrx_word' id='word_1_256' title='bbox 671 4049 885 4123; x_wconf 89' lang='lat' dir='ltr'>interpositum.</span> <span class='ocrx_word' id='word_1_257' title='bbox 932 4048 971 4108; x_wconf 80' lang='lat' dir='ltr'>cf.</span> <span class='ocrx_word' id='word_1_258' title='bbox 995 4048 1047 4109; x_wconf 89' lang='lat' dir='ltr'>Ov.</span> <span class='ocrx_word' id='word_1_259' title='bbox 1071 4066 1127 4110; x_wconf 88' lang='lat' dir='ltr'>am.</span> <span class='ocrx_word' id='word_1_260' title='bbox 1150 4051 1164 4109; x_wconf 97' lang='grc' dir='ltr'><strong>Ι</strong></span> <span class='ocrx_word' id='word_1_261' title='bbox 1189 4051 1239 4127; x_wconf 88' lang='grc'>10,</span> <span class='ocrx_word' id='word_1_262' title='bbox 1257 4052 1301 4110; x_wconf 71' lang='grc'>40</span> 
     </span>
    </p>
   </div>
   <div class='ocr_carea' id='block_1_10' title="bbox 358 4168 1096 4252">
    <p class='ocr_par' dir='ltr' id='par_1_11' title="bbox 358 4168 1096 4252">
     <span class='ocr_line' id='line_1_36' title="bbox 358 4168 1096 4252; baseline 0.001 -23"><span class='ocrx_word' id='word_1_263' title='bbox 358 4170 440 4252; x_wconf 77' lang='lat' dir='ltr'>quod</span> <span class='ocrx_word' id='word_1_264' title='bbox 460 4168 554 4244; x_wconf 74' lang='lat' dir='ltr'>faciut</span> <span class='ocrx_word' id='word_1_265' title='bbox 574 4190 714 4250; x_wconf 69' lang='lat' dir='ltr'>mayaco,</span> <span class='ocrx_word' id='word_1_266' title='bbox 736 4179 825 4252; x_wconf 78' lang='lat' dir='ltr'>turpe</span> <span class='ocrx_word' id='word_1_267' title='bbox 847 4168 993 4243; x_wconf 75' lang='lat' dir='ltr'>tribunat,</span> <span class='ocrx_word' id='word_1_268' title='bbox 1014 4189 1096 4251; x_wconf 81' lang='lat' dir='ltr'>epea,</span> 
     </span>
    </p>
   </div>
   <div class='ocr_carea' id='block_1_11' title="bbox 0 0 1528 4675">
    <p class='ocr_par' dir='ltr' id='par_1_12' title="bbox 0 0 1528 4675">
     <span class='ocr_line' id='line_1_37' title="bbox 0 0 1528 4675; baseline 0 0"><span class='ocrx_word' id='word_1_269' title='bbox 0 0 1528 4675; x_wconf 95' lang='lat' dir='ltr'> </span> 
     </span>
    </p>
   </div>
  </div>
 </body>
</html>
