3034 4675
625 238 858 340 7141*

212 411 305 470 omnis
340 407 543 470 vocabulorum
580 406 745 488 dispositio,
786 427 962 487 quamquam
993 406 1213 484 neglegentiam
1243 408 1280 466 si·

212 514 318 583 mulat,
355 523 451 573 tamen
483 533 542 573 non
572 516 635 573 sine
661 522 762 600 aperto
791 512 910 572 consilio
937 521 980 572 est
1008 510 1141 602 admissa.
1191 513 1279 572 refert

212 622 288 680 euim
327 621 437 679 fortuiti
473 622 612 679 sermonis
636 627 785 692 naturam,
802 621 870 697 'qui
899 616 936 677 ad
966 627 1127 677 accuratam
1162 619 1280 676 rationis

212 744 342 785 normam
364 745 423 784 nou
439 733 483 784 est
497 723 640 789 diductus.
668 733 819 805 praeterea
838 723 937 803 aliquo
959 721 1044 782 modo
1066 721 1144 782 κατὰ
1163 721 1281 783 σύνεσιν

212 830 300 890 verba
321 840 389 890 sunt
410 830 556 902 collocate,
572 849 637 890 cnm
653 848 728 909 quae
744 828 872 909 pondere
884 838 922 908 et
936 831 1077 905 gravitate
1090 830 1279 908 praeniteant,

191 937 297 1014 ,etiam
329 938 425 1015 positu
453 935 675 1013 distinguantur.
727 937 898 994 constructio
927 944 1023 994 autern
1056 935 1128 994 haec
1154 942 1198 993 est
1229 925 1293 992 καῖ

212 1038 281 1121 ὅρη,
312 1041 413 1122 (palor,
443 1038 475 1101 εἴ
498 1063 544 1101 τοι
573 1037 690 1123 ἀρέσκει
720 1048 809 1100 τοῦτο
837 1040 872 1099 τὸ
893 1039 1052 1122 μελύδριον
1067 1038 1119 1100 ’ὅτι
1141 1036 1197 1121 ἐγὼ
1219 1037 1279 1110 ἔξε-

213 1144 329 1226 πόνησα
336 1146 375 1228 1).
405 1156 436 1206 at
450 1147 584 1227 exempla
597 1146 686 1205 allata
699 1145 837 1226 peculiari
855 1144 975 1205 andacia
996 1154 1113 1225 superat
1127 1125 1298 1225 Euripides⁸

211 1252 379 1315 lon.1307
668 1235 671 1241 ’

358 1377 362 1400 ⁶
408 1354 462 1434 τὴν
483 1353 539 1433 σὴν
561 1353 635 1414 ὅπου
657 1371 703 1414 σοι
724 1350 830 1435 μητέρ’
854 1350 915 1414 ἔστι
937 1352 1083 1431 νουθέτει,

211 1475 262 1534 ubi
283 1474 493 1536 substantivum
514 1476 552 1535 ab
573 1476 711 1537 attributo
740 1479 900 1537 seiunctum
921 1487 950 1536 et
977 1481 1008 1537 in
1036 1478 1214 1537 enuntiatum
1236 1496 1280 1536 re

210 1578 331 1662 lativum
346 1584 496 1642 traiectum
510 1585 571 1641 eius
586 1584 790 1646 constructioni
804 1603 863 1642 non
877 1592 920 1648 est
933 1583 1186 1657 accommodatum,
1201 1581 1280 1661 quod

210 1704 264 1765 per
284 1689 368 1746 metri
390 1690 529 1747 rationem
551 1709 609 1747 non
632 1687 720 1748 licuit.
746 1717 748 1722 >

295 1793 332 1851 In
359 1793 528 1854 Latinorum
554 1793 654 1870 lingua
682 1794 810 1850 traiectio
841 1793 1011 1853 substantivi
1040 1796 1071 1853 in
1099 1795 1279 1853 enuntiatum

211 1895 363 1956 relativum
388 1899 517 1958 similiter
537 1899 719 1974 frequentata
740 1918 835 1977 neque
854 1898 1008 1958 artioribus
1029 1898 1135 1958 finibus
1155 1900 1279 1958 coercita

211 2009 263 2061 est.
304 2005 344 2061 ita
367 1983 435 2063 Ter.
458 2002 551 2063 Andr.
575 2003 650 2083 prol.
676 2008 692 2063 3

378 2127 495 2212 populo
516 2138 549 2189 nt
565 2127 724 2209 placerent
746 2148 822 2210 qnae
842 2126 961 2207 fecisset
982 2125 1115 2206 fabulas,
1171 2105 1174 2110 ⁵

210 2249 246 2308 ct.
271 2248 423 2308 Kuehneri
441 2268 484 2325 gr.
507 2249 557 2313 lat,
581 2253 611 2310 ll
635 2253 662 2321 2,
686 2270 716 2328 p.
739 2254 809 2322 824,
833 2247 1014 2329 Nipperdeyi
1035 2268 1132 2329 opusc.
1154 2271 1183 2329 p.
1212 2257 1278 2324 117,

210 2354 297 2434 Prop.
321 2353 366 2415 IV
388 2360 417 2431 9,
441 2362 480 2415 55
504 2375 547 2434 sq.

421 2459 583 2522 interdieta
605 2459 680 2521 viris
699 2461 859 2522 metuenda
881 2460 943 2544 lepe
959 2461 1071 2545 piatur

425 2586 500 2649 qnae
523 2586 553 2626 se
576 2576 729 2628 summota
749 2565 882 2628 vindieat
905 2588 963 2628 arn
986 2588 1066 2632 cesa.

210 2662 355 2745 interdum
377 2686 530 2764 singularis
549 2706 635 2746 causa
657 2686 731 2746 hauc
750 2689 1000 2767 transpositionem
1020 2688 1120 2761 effecit,
1136 2696 1168 2746 ut
1182 2688 1277 2747 Plaut.

210 2789 293 2849 Tria.
315 2790 361 2850 IV
383 2796 412 2865 3,
436 2798 485 2854 62.

320 2896 386 2959 lrenc
408 2899 476 2981 qnia
501 2897 619 2982 estqui
641 2898 819 2960 mentionem
840 2897 929 2959 leonto
952 2896 1083 2960 hominis
1103 2896 1173 2976 fecit

207 3080 210 3087 ¹
664 3003 666 3007 ’
844 3001 986 3085 optumi?

211 3106 363 3166 alliteratio
381 3116 410 3165 et
424 3107 550 3191 studium
565 3110 659 3167 varias
674 3104 803 3166 eiusdem
824 3108 901 3165 vocis
923 3106 1028 3164 formas
1049 3108 1130 3164 iuxta
1151 3106 1279 3186 ponendi

297 3312 319 3379 ¹)
335 3314 396 3364 Non
413 3325 482 3366 recte
494 3317 629 3380 Zieglerus
643 3316 780 3365 verborum
798 3320 954 3363 structuram
971 3314 1110 3375 intellexit,
1124 3328 1182 3363 cum
1200 3330 1278 3364 voca-

213 3405 273 3454 bula
292 3400 340 3471 ὅρη
361 3407 444 3474 φίλος
462 3408 489 3457 εἴ
506 3423 549 3457 τοι
570 3400 678 3474 ἀρέσκει
696 3413 726 3454 ut
739 3402 908 3467 parenthesin
921 3402 1077 3465 includeret3
1093 3418 1155 3452 nam
1172 3404 1194 3452 si
1212 3405 1279 3454 haec

211 3496 289 3544 verba
313 3495 456 3559 deleveris,
481 3496 640 3544 constructio
660 3493 787 3544 enuntiati
806 3499 925 3541 constare
941 3506 995 3539 non
1011 3500 1111 3554 potest,
1134 3506 1193 3541 cnm
1211 3507 1278 3555 quae

210 3600 239 3634 re
258 3599 321 3633 vera
338 3583 499 3648 parenthesis
517 3586 565 3643 est,
586 3584 688 3633 etiamsi
708 3584 819 3646 auferas,
839 3590 927 3629 tamen
945 3581 1035 3630 omnia
1052 3589 1121 3631 recte
1139 3582 1279 3631 consistere

211 3675 331 3723 debeant.
356 3687 499 3735 pronomen
517 3667 580 3739 tyni,
592 3674 662 3735 quod
681 3674 714 3721 ad
734 3671 897 3720 enuntiatum
915 3670 1052 3719 relativum
1067 3671 1187 3734 pertinet,
1206 3678 1278 3720 ante·

210 3762 323 3825 positum
350 3759 402 3825 est,
429 3770 460 3809 ut
482 3761 575 3809 fortius
601 3763 724 3810 evaderet
747 3761 811 3809 haec
829 3760 958 3808 sententia
977 3757 1033 3820 ‘ego
1052 3774 1155 3823 quoqne
1174 3774 1278 3809 carmen

211 3851 375 3915 composui’.·
401 3851 502 3913 quade
520 3849 692 3899 collocatione
709 3849 742 3899 cf.
760 3849 847 3897 locum
864 3861 943 3910 supra
963 3848 1015 3896 iam
1032 3848 1174 3897 indicatum
1193 3849 1278 3899 Plaut.

167 4000 169 4004 Ι
210 3941 284 3990 Asin.
303 3941 316 3990 1
335 3941 359 4000 3,
378 3940 410 3991 79

403 4035 429 4076 nt
445 4043 486 4092 epo
503 4037 538 4077 est
554 4028 624 4076 etaiam
644 4029 789 4090 prinsquam
805 4027 856 4076 abis
873 4027 938 4089 qaod
956 4028 1007 4074 eolo
1026 4028 1093 4090 loqui

209 4125 236 4164 et
252 4117 312 4166 Ter.
333 4118 428 4165 Heaut.
446 4116 471 4165 V
490 4118 515 4177 4,
532 4118 556 4167 9.
