3034 4675
636 276 872 340 -135—

221 453 248 520 2,
273 453 312 510 36
341 447 526 510 exitiabilem
553 467 607 530 τρο
636 447 683 509 iiii
710 446 825 523 faciam
847 445 925 508 Ιιαιιο
946 454 980 507 αι
989 446 1053 527 fiat
1074 444 1163 517 diem.
1206 443 1291 520 plura

218 552 284 612 vide
306 554 389 615 infra.

304 657 352 717 De
373 657 437 715 aliis
458 659 671 715 enuntiatorum
694 659 838 717 minorum
862 654 999 714 membris
1018 657 1049 713 in
1070 656 1213 729 primariis
1234 653 1290 712 col-

219 762 318 821 locatis
339 763 375 821 cf.
397 763 472 821 Plat.
492 762 598 839 legg.1
622 771 640 823 4
662 781 692 836 p.
710 766 797 823 ersa
819 758 928 838 νόμους
950 757 983 819 tt
1005 760 1107 830 αὐτοῖς
1128 758 1196 829 θεὶς
1217 758 1292 838 πρὸς

220 867 365 946 ἀλλήλους
385 858 630 949 παραφυλάττειν
651 863 728 926 ὥστε
752 859 827 926 εἶναι
843 864 956 947 φίλαις,
978 863 1029 924 ubi
1051 863 1126 945 πρὸς
1147 864 1293 942 ἀλλήλους
1368 841 1373 846 .

220 975 355 1051 coniungi
380 981 514 1050 opportet
535 991 600 1031 cum
623 971 727 1052 φίλους
749 964 868 1052 tituil).
912 970 1019 1029 Aesch.
1042 971 1099 1047 Ag.
1128 976 1204 1032 1193
1273 950 1275 956 ¹

453 1077 503 1138 καὶ
526 1084 587 1137 τῶν
608 1067 639 1136 ‹i’
662 1075 765 1152 ὅμοιον
786 1072 863 1135 εἴτι
885 1075 927 1153 μὴ
950 1074 1060 1150 πείθοι,

221 1199 322 1274 Eurip.
346 1197 436 1272 Hipp.
461 1202 522 1260 374
545 1217 588 1276 sq.

408 1301 465 1381 ἤδη
487 1298 554 1362 ποτ’
576 1302 684 1372 ἀλλους
704 1300 810 1370 νυκτὸς
829 1298 860 1359 ἓν
880 1301 990 1382 μακρῷ
1008 1297 1118 1382 χρόνῳ,

408 1409 533 1486 θνητῶν
554 1403 705 1489 impiata?
730 1393 962 1492 ᾗάιέφθαρται
984 1406 1059 1483 βίος.
1100 1457 1102 1464 ,,

221 1526 311 1586 multo
334 1525 521 1586 difficiliorem
551 1526 727 1603 explicatum
754 1534 874 1603 propter
897 1525 1112 1602 ambiguitatem
1135 1532 1294 1583 structurae

220 1632 309 1692 habet
331 1631 451 1692 Pindari
473 1632 552 1691 locus
573 1632 661 1711 Pyth.
685 1636 700 1693 I
725 1638 762 1691 75
786 1651 850 1710 sqq.

860 1731 985 1817 ἀρέομαι
1076 1775 1082 1786 .

306 1838 380 1923 παρ’
405 1839 461 1919 μέν
482 1842 651 1919 Σαλαμῖνος
666 1838 839 1920 Ἀθηναίων
857 1834 946 1922 χάριν

304 1946 430 2025 μισθόν,
453 1945 484 2007 ἓν
505 1939 631 2032 Σπάρτα
653 1936 683 2006 ‹i'
709 1943 782 2028 ἐρέω
801 1946 859 2027 πρὸ
882 1947 1078 2026 Κιθαιρῶνος
1098 1936 1207 2022 μόχαν,

306 2059 388 2114 ταῖσι
413 2051 543 2130 Μήδειοι
566 2045 660 2129 κάμον
681 2049 880 2133 ἀγκυλότοξοι,

306 2158 388 2240 παρὰ
408 2156 442 2217 rie*
464 2157 519 2218 τάν
541 2156 665 2238 εὔυδρον
687 2157 782 2217 ἀκτὰν
802 2154 903 2238 Ἱμέρα
925 2154 1080 2216 παίδεσσιν
1101 2153 1194 2231 ῧμνον

814 2258 1009 2340 Δεινομένους
1029 2255 1178 2335 τελέσαιμ’
1277 2320 1279 2323 ,

306 2369 339 2429 ὃν
361 2366 494 2442 ἐδέξαντ’
519 2362 598 2452 ἀμφ’
625 2370 718 2455 ἀρετᾷ
738 2369 888 2447 πολεμίων
910 2368 1029 2449 ἀνδρῶν
1050 2363 1217 2444 καμόντων.

222 2489 387 2550 Dissenium
415 2498 527 2549 secutus
556 2479 699 2548 iunxerim
722 2489 805 2570 παρὰ
834 2489 890 2548 τὰν
919 2487 1042 2569 εὔυδρον
1072 2484 1168 2544 ἀκτὰν
1190 2479 1294 2564 Ἱμέρα

201 2612 281 2662 ,non
301 2615 366 2655 cum
387 2592 539 2673 τελέσαιμι
561 2593 649 2676 (hanc
677 2598 847 2675 scripturam
870 2595 1013 2672 Bergkius
1040 2589 1212 2673 proposuit),
1242 2587 1294 2647 sed

221 2722 287 2761 cum
315 2701 410 2760 verbis
438 2700 472 2760 ὃν
500 2697 638 2771 ἐδέξαντο
665 2703 683 2759 i.
708 2719 733 2759 e.
767 2699 813 2759 ‘ad
845 2701 990 2758 Himeram
1019 2717 1105 2776 quem
1134 2695 1292 2769 meruere’3

222 2817 272 2867 aut
292 2809 388 2888 potius
416 2809 574 2883 coniungas
595 2826 659 2863 cum
689 2808 823 2882 genetivo
852 2804 984 2865 absoluto
1006 2800 1155 2880 πολεμίων
1176 2799 1295 2885 ἀνδρῶν

222 2911 390 2992 καμόντων.
434 2919 511 2971 recte
532 2913 609 2971 enim
633 2912 785 2970 Dissenius
806 2908 1008 2969 animadvertit
1040 2910 1156 2986 ‘petitur
1176 2903 1293 2984 quidem

221 3021 285 3079 laus
306 3037 343 3077 ex
365 3017 421 3076 illis
442 3016 528 3089 locis,
552 3015 672 3074 solvitur
693 3025 790 3075 autem
812 3016 860 3088 ibi,
885 3015 934 3075 nbi
958 3014 1121 3072 Dinominis
1142 3010 1194 3069 filii
1216 3019 1292 3083 sunt,

222 3134 255 3184 ut
283 3124 489 3204 Spartanorum
515 3120 578 3180 laus
607 3122 719 3179 canitur
745 3120 882 3200 Spartae,
917 3139 976 3177 non
1004 3117 1040 3176 ad
1070 3118 1292 3176 Cithaeronem’.

222 3230 294 3288 haec
322 3248 390 3288 vero
420 3228 608 3302 transgressio
636 3226 711 3283 facta
733 3237 791 3298 est,
815 3234 848 3284 ut
867 3225 956 3284 verba
978 3225 1068 3300 magis
1090 3222 1244 3309 efferantur
1265 3230 1294 3278 et

222 3333 369 3395 vocabulis
390 3333 538 3391 contrariis
561 3330 633 3412 (πρὸ
655 3331 867 3413 Κιθαιρῶνος)
890 3332 1005 3407 gravius
1027 3337 1218 3408 opponantur.

308 3438 357 3498 Ad
385 3437 506 3497 similem
535 3456 623 3515 quam
652 3434 845 3516 disceptamus
873 3438 1010 3495 orationis
1041 3434 1292 3493 conformationem

222 3544 297 3606 redit
327 3547 411 3603 etiam
442 3561 477 3600 ea
505 3544 722 3601 constructionis
751 3542 857 3619 figura,
885 3562 943 3621 qua
963 3539 1083 3600 verbum
1110 3540 1223 3597 finitum
1244 3546 1294 3596 aut

223 3650 281 3710 alia
300 3649 396 3709 brevis
418 3648 575 3720 sententia,
606 3647 750 3726 equibus
772 3648 951 3705 enuntiatum
974 3644 1173 3705 secundarium
1194 3653 1294 3722 aptum

310 3890 330 3956 ¹)
351 3891 448 3943 Similia
472 3900 511 3940 est
535 3891 654 3939 traiectio
680 3891 747 3953 legg.
775 3890 817 3940 111
839 3906 864 3953 p.
882 3890 955 3940 6930
977 3872 1118 3938 notitia
1143 3883 1177 3951 δὴ
1202 3881 1293 3936 πολλὰ

226 3982 295 4052 ὑμᾶς
316 3977 351 4034 riv
368 3986 495 4047 γίγνεται
513 3980 552 4046 μὴ
574 3978 789 4049 ἀιαταρρατέται,
801 3979 845 4028 ubi
865 3975 966 4048 ripatico
979 3978 1059 4027 verbo
1072 3975 1294 4043 ιλιαταρρατέττω

223 4075 326 4136 pendet
359 4084 516 4134 quamquam
540 4069 590 4117 hoc
616 4069 676 4116 ioco
701 4069 787 4132 potius
808 4070 959 4125 contendas,
986 4066 1059 4135 ὑμᾶς
1079 4068 1107 4115 in
1133 4064 1294 4114 enuntiatum

223 4152 403 4212 secundarium
422 4173 436 4206 e
454 4158 577 4221 primario
595 4170 651 4206 esse
671 4163 869 4219 transgressum.
933 4220 942 4233 .
985 4200 1012 4227 ι
1032 4216 1036 4223 ⁸
