3034 4675
558 205 852 298 '-147-

202 405 380 466 consuetudo
401 404 441 464 ad
453 425 552 465 versus
569 402 788 482 conformandos
804 401 1033 463 commoditatem
1052 399 1193 460 exhibens
1206 400 1272 460 sub

200 513 325 571 stantivo
349 511 468 590 eiusque
495 510 633 570 attributo
661 507 842 568 hemistichia
863 506 1052 568 concludendi
1075 509 1271 567 traiectionem

199 617 295 677 effecit
315 615 368 677 Ov.
393 635 430 674 ex
451 615 485 674 Ρ.
508 619 554 678 III
580 623 605 689 1,
631 619 668 676 21
693 633 736 693 sq.
1198 623 1199 628 ’

324 760 386 802 noa
407 737 473 801 auia
494 735 667 822 obliquetur·
687 735 780 817 aitaris,
803 736 865 798 oiri
887 736 986 820 eique
1009 737 1142 810 remotis,

403 862 572 927 aequoreae
593 863 688 905 rauco
709 852 831 925 perure
851 850 940 923 potat
960 863 1067 926 aquae,

200 969 231 1026 'et
250 966 321 1027 rib.
343 969 385 1029 rr
412 972 458 1037 ro,
484 972 500 1027 5
523 983 566 1043 sq.
863 942 865 944 ’

355 1082 477 1149 solliciti
495 1095 565 1146 aunt
580 1104 643 1166 pro
665 1080 895 1187 nobiaoquibus
916 1081 971 1144 illu
992 1082 1118 1157 dolona,

409 1190 571 1252 recedam
593 1189 707 1270 iperio,
729 1188 868 1250 murima
889 1208 992 1260 cauae,
1015 1196 1091 1249 toro,

201 1308 237 1367 cf.
262 1310 346 1367 etiam
370 1308 441 1367 Hor.
464 1327 550 1366 carm.
574 1311 620 1369 111
646 1312 692 1379 14,
715 1311 752 1368 21
778 1326 821 1386 sq.

421 1491 425 1500 ,
449 1427 498 1489 dic
519 1436 548 1488 et
569 1434 696 1508 arputae
712 1436 862 1508 properet
887 1423 1025 1487 Neaerae

321 1614 326 1622 1
446 1552 606 1594 <murreum
627 1530 718 1592 modo
742 1529 877 1593 cohibere
891 1529 1021 1599 ‘crinem

202 1650 253 1711 ubi
275 1651 429 1712 verborum
452 1669 569 1730 quoque
591 1646 777 1729 dispositione
805 1651 969 1729 properatio
994 1650 1173 1728 exprimitur.
1217 1647 1274 1707 alia

202 1757 336 1837 exempla
357 1754 424 1815 vido
446 1760 476 1816 in
490 1759 585 1836 capito
599 1753 636 1814 de
653 1753 896 1814 substantivorum
910 1762 940 1812 et
952 1753 1156 1813 attributorum
1168 1744 1289 1833 hyper?

202 1861 280 1921 bato.
324 1870 427 1921 extum
451 1860 584 1921 nonnulli
605 1860 749 1940 Propertii
771 1868 800 1918 ot
821 1857 917 1919 Ovidii
938 1859 1002 1932 loci,
1025 1862 1076 1939 qui
1098 1858 1199 1918 eadem
1217 1867 1274 1918 tra·

202 1968 332 2027 iectionis
362 1970 457 2047 specie
485 1986 602 2047 prorsus
630 1965 685 2025 sibi
714 1973 782 2025 sunt
803 1983 959 2044 compares.
1008 1959 1098 2044 quare'
1125 1964 1275 2025 considera

202 2071 274 2130 mihi
293 2072 381 2152 Prop.
404 2076 421 2133 I
444 2079 472 2145 6,
497 2077 514 2134 8

435 2202 462 2253 et
483 2192 621 2276 queritur
642 2189 741 2253 nullm
763 2209 825 2252 esee
846 2189 952 2252 relicta
974 2191 1054 2252 deos.

202 2311 384 2392 participium
407 2310 523 2370 ‘relicta'
546 2312 769 2370 instructuram
790 2310 942 2369 accusativi
963 2328 1027 2369 cnm
1042 2308 1182 2370 infinitivo
1203 2309 1275 2371 dure

202 2414 359 2476 admodum
385 2414 603 2493 transgreditur.
647 2434 743 2496 neque
772 2435 857 2474 ovum
886 2435 939 2475 ovo
968 2415 1088 2475 similius
1116 2425 1160 2476 est
1187 2437 1274 2497 quam

202 2521 241 2580 ad
261 2522 382 2582 formam
403 2523 539 2581 orationis
560 2522 592 2580 hi
613 2521 669 2580 loci
691 2518 826 2580 Ovidiani
848 2519 958 2580 heroid.
981 2526 1034 2585 18

424 2662 484 2704 noa
508 2662 649 2725 quererer
669 2641 776 2703 tardos
798 2641 843 2703 ire
864 2641 970 2704 relicta
991 2642 1064 2716 dieo,

204 2783 251 2844 III
273 2784 313 2842 66
441 2790 467 2842 et
489 2779 609 2844 videam
624 2799 750 2863 puppes
771 2779 816 2842 ire
830 2780 943 2853 relicta
962 2793 1040 2856 tuae,

204 2916 269 2977 XII
295 2922 352 2980 132
396 2939 459 3001 pro
481 2938 540 3002 quo
560 2940 628 2980 eom
650 2902 757 2980 totieria
779 2938 841 2979 eoae
862 2931 967 2982 coarto
988 2941 1106 2982 noceas.

204 3072 270 3112 cum
292 3054 346 3112 hac
367 3053 520 3112 verborum
542 3051 744 3125 collocatione,
776 3072 851 3132 qnae
871 3059 1043 3134 pentametri
1065 3076 1163 3116 versus
1186 3060 1275 3118 exitui
1342 3097 1346 3103 »

203 3158 435 3218 commoditatem
455 3159 581 3238 aliquam
602 3141 748 3231 afferebat,
771 3166 849 3217 recte
861 3161 948 3244 etiam
963 3164 1171 3242 comparaveris
1185 3164 1272 3245 Prop.

204 3264 249 3323 IV
276 3271 321 3338 15,
347 3268 384 3327 22

379 3385 495 3446 invocet
516 3381 649 3467 Antiope
671 3402 760 3467 quem
781 3381 843 3445 aiei
863 3384 963 3447 vincta
986 3385 1101 3465 Iovem,

205 3512 235 3563 et
255 3502 309 3565 Ov.
333 3514 399 3565 met
419 3505 468 3563 IX
492 3513 548 3568 707

422 3635 605 3709 pepercerat
627 3623 702 3701 facti
722 3623 784 3687 nisi
804 3624 924 3687 conseia
945 3625 1061 3691 nutele.

199 3745 322 3803 ‘omnino
336 3753 432 3805 autem
447 3741 568 3804 Ovidius
587 3746 618 3803 in
637 3743 692 3802 hoc
711 3741 820 3822 dequo
841 3745 953 3819 agimus
974 3745 1148 3805 traiectionis
1170 3765 1276 3824 genere

202 3849 292 3908 vincit
313 3847 434 3907 audacia
455 3857 565 3908 ceteros
587 3867 603 3906 e
623 3851 716 3928 poetis
738 3850 876 3926 cognatis.
905 3856 1019 3928 praeter
1039 3850 1275 3930 exempla'allata

204 3954 241 4012 cl.
265 3973 302 4013 ex
322 3953 356 4012 P.
377 3954 425 4013 HI
448 3961 475 4028 3,
502 3959 540 4016 72

402 4072 460 4137 acia
483 4073 569 4137 aliud
589 4072 671 4158 quod
691 4085 719 4137 te
741 4072 862 4136 laeserit
884 4093 946 4135 ease
969 4071 1079 4156 mepta,

1067 4209 1098 4259 lo
1107 4205 1120 4233 *
