3034 4675
631 89 644 118 b

640 284 874 347 -186-

221 453 354 513 bulorum
375 453 576 531 dispositiones
597 453 635 512 ad
651 451 800 513 cottidiani
816 459 954 515 sermonis
969 466 1101 516 naturam
1117 456 1291 531 pertinentes

213 558 300 618 baud
322 561 362 617 ita
384 560 469 617 variis
492 557 647 637 hyperbati
660 559 815 635 generibus
830 560 988 619 artificiosis
1003 563 1101 632 utitur,
1118 562 1216 638 eisque
1229 558 1291 617 tali·

221 663 283 735 buS,
307 683 380 742 quas
402 662 549 723 socordius
569 664 742 743 frequentet.

305 770 351 827 Ne
365 769 591 848 Aristophanem
606 767 719 828 silentio
735 779 955 850 praetereamus,
976 790 1067 849 pauca
1086 770 1291 829 adnotaverim.

221 893 295 952 quas
316 874 365 932 ille
386 874 441 933 sibi
461 876 593 956 permisit
615 875 817 934 insolentiores
831 875 983 935 verborum
1003 876 1210 954 collocationes,
1233 894 1292 931 non
1325 919 1327 923 Α

220 999 319 1038 omnes
341 998 357 1037 e
378 978 526 1037 cottidiani
557 983 697 1039 sermonis
727 980 863 1039 facultate
892 991 959 1040 sunt
988 981 1130 1055 adscitae3
1156 982 1292 1057 antiquae

221 1087 296 1143 enim
328 1083 492 1144 comoediae
513 1085 626 1143 Atticae
658 1106 744 1145 sonus
774 1086 811 1145 ab
840 1090 968 1145 oratioue
998 1087 1108 1164 vulgari
1138 1085 1291 1163 plurimum
1326 1085 1328 1090 ’

220 1188 325 1263 distat3
349 1200 481 1248 ornatum
499 1211 616 1278 quoque
639 1202 667 1248 et
686 1194 807 1267 gratiam
830 1190 1094 1270 iucunditatemque
1115 1190 1169 1249 sibi
1192 1198 1289 1268 parat3

222 1306 318 1354 tamen
335 1315 385 1353 eac
400 1298 553 1354 inusitatae
568 1298 817 1372 transgressiones,
836 1316 911 1375 quae
926 1300 956 1355 in
971 1295 1085 1373 dialogo
1100 1276 1292 1364 inveniuntur,

220 1405 277 1460 nisi
299 1405 470 1482 tragicorum
499 1401 658 1486 locutiones
684 1401 822 1460 imitando
845 1411 930 1481 poeta
951 1401 1081 1460 deridere
1103 1402 1172 1471 vult,
1195 1399 1293 1477 alique

220 1506 305 1566 modo
321 1526 337 1565 e
351 1507 468 1583 linguae
489 1516 593 1566 natura
616 1510 678 1581 ipsa
692 1515 863 1565 emanarunt
885 1517 914 1565 et
935 1509 1064 1566 referunt
1085 1525 1293 1583 nonnunquam

220 1613 343 1691 speciem
372 1614 529 1670 communis
553 1612 729 1672 Graecorum
760 1614 791 1670 in
812 1611 964 1688 cogitando
986 1613 1140 1670 alacritatis
1161 1619 1190 1670 et
1209 1611 1292 1689 quasi

219 1717 365 1793 agilitatis.

305 1822 477 1901 Priusquam
500 1822 537 1880 acl
552 1822 818 1881 Alexandrinorum
836 1831 957 1881 aetatem
974 1821 1293 1897 transeamus,'Ph11cy·

220 1927 294 1986 didis
327 1932 502 2008 mentionem
535 1930 700 2002 iniciamuS,
745 1930 791 1987 cui
823 1931 1000 2004 grammatici
1032 1936 1142 1986 veteres
1175 1935 1293 2005 propter

158 2109 161 2122 ,
219 2042 379 2092 contortam
412 2041 440 2091 et
474 2032 575 2091 duram
603 2033 808 2092 vocabulorum
840 2033 1055 2098 collocationem
1088 2033 1166 2091 litem
1199 2034 1292 2089 inten-

219 2138 300 2197 dunt.
335 2150 412 2198 certe
433 2142 520 2210 enim,
543 2148 575 2197 ut
597 2159 634 2197 ex
656 2139 797 2218 exemplis
818 2138 912 2197 allatis
931 2147 1059 2218 apparet,
1083 2140 1187 2216 passim
1203 2139 1292 2195 iustos

219 2246 291 2303 fines
321 2229 515 2320 transgressus
552 2264 614 2303 esse
642 2243 770 2315 videtur,
805 2264 869 2303 cum
902 2246 989 2302 ceteri
1018 2246 1171 2323 scriptores
1203 2241 1293 2300 multo

219 2354 314 2410 minus
344 2354 374 2408 in
403 2350 555 2408 verborum
579 2353 746 2408 traiectione
775 2353 950 2409 necaverint.
995 2349 1046 2409 sed
1068 2349 1098 2407 id
1121 2352 1212 2428 ipsum
1235 2367 1294 2426 qua

220 2460 332 2516 ratione
350 2457 457 2514 factum
480 2465 509 2513 et
531 2454 727 2514 excusandum
741 2456 802 2529 bit,
825 2455 1076 2534 pervestigandum
1099 2458 1161 2517 erit.
1205 2463 1294 2531 atque

219 2566 251 2621 in
272 2564 326 2620 hac
348 2582 379 2620 re
401 2559 501 2619 eadem
524 2564 597 2620 ratio
620 2560 798 2619 intercedere
817 2560 946 2629 videtur,
977 2581 1063 2639 quam
1087 2562 1116 2616 in
1139 2558 1293 2616 Homerico

219 2685 351 2726 sermone
364 2668 520 2742 attigimus.
544 2664 735 2744 Thucydides
752 2670 826 2725 inter
840 2669 947 2742 primos
960 2666 1069 2723 Atticos
1084 2665 1146 2734 fuit,
1164 2664 1213 2740 qui
1228 2683 1293 2742 pro·

222 2792 282 2831 sam
305 2774 462 2829 orationem
482 2774 551 2829 artis
574 2773 741 2850 participem
763 2791 797 2828 ac
819 2771 904 2829 talem
920 2769 1126 2841 condiderunt,
1149 2789 1206 2848 quo
1229 2771 1295 2847 quis

221 2880 342 2956 scriptor
354 2879 394 2934 ¹in
412 2875 514 2934 litteris
535 2879 577 2935 uti
592 2885 697 2956 posset.
724 2879 754 2933 in
769 2875 819 2932 illo
835 2879 909 2933 enim
926 2875 1033 2943 libello,
1057 2878 1107 2954 qui
1122 2864 1294 2952 Ἀθηναίων

221 2981 354 3042 πολιτεία
369 2984 521 3061 inscriptus
536 2990 565 3040 et
579 2981 632 3041 sub
646 2981 851 3059 Xenophontis
862 2983 977 3041 nomine
988 2992 1115 3042 servatus
1130 2982 1294 3059 antiquissi-

221 3109 299 3146 mum
314 3089 374 3146 fere
385 3088 498 3145 Atticae
514 3106 617 3166 prosae
631 3086 834 3145 documentum
851 3095 938 3159 extat,
955 3106 1039 3145 omne
1050 3085 1164 3145 dicendi
1175 3106 1266 3162 genus
1275 3106 1293 3143 a

221 3192 369 3252 cottidiani
390 3195 529 3251 sermonis
551 3191 733 3271 simplicitate
753 3195 803 3249 vix
826 3192 948 3250 multum
971 3191 1081 3266 differt3
1103 3191 1292 3270 Thucydides

222 3307 317 3355 autem
337 3296 388 3354 ubi
410 3317 446 3354 ex
468 3297 552 3355 sclito
571 3300 682 3355 variare
703 3306 790 3375 atque
811 3298 933 3356 artificiii
965 3308 993 3356 et
1013 3296 1160 3374 dignitatis
1181 3294 1293 3376 aliquid

222 3404 334 3480 scriptis
364 3405 422 3459 suis
449 3422 588 3479 quaerere
616 3402 778 3474 contendit,
812 3402 889 3480 quod
920 3403 1047 3461 nondum
1077 3405 1160 3461 certis
1181 3402 1294 3478 legibus

222 3516 251 3564 et
276 3506 489 3566 consuetudinis
511 3509 539 3564 vi
562 3505 786 3585 impediebatur,
821 3527 911 3585 prope
944 3508 1062 3566 accessit
1092 3505 1130 3565 ad
1152 3509 1294 3586 poeticam

223 3611 368 3670 licentiam
390 3610 478 3668 verba
506 3610 662 3669 insolenter
683 3611 898 3690 transponendi.

306 3717 490 3774 Recentiores
514 3715 618 3773 deinde
640 3727 758 3793 poetae,
790 3719 841 3795 qui
868 3726 1008 3776 vocantur
1029 3715 1236 3788 Alexandrini,
1252 3721 1292 3775 in

222 3819 425 3878 vocabulorum
453 3822 620 3878 traiectione
650 3829 770 3879 utuntur
799 3842 904 3897 magna
929 3831 962 3880 vet
991 3823 1129 3898 singulari
1150 3823 1292 3888 libertate.

222 3926 372 3983 articulum
388 3936 417 3983 ct
430 3928 671 4004 praepositionem
687 3945 774 4000 saepe
787 3930 911 4002 graviori
926 3926 1066 3985 vocabulo
1088 3930 1292 4005 seiunxerunt3

223 4031 376 4102 particulas
391 4050 508 4109 quoque
522 4031 697 4110 copulativae
713 4032 812 4089 crebro
835 4028 916 4091 initio
933 4035 1072 4090 enuntiati
1094 4033 1292 4096 detraxerunt.

223 4134 349 4192 eiusdem
379 4138 518 4193 entrntiati
546 4144 642 4214 partes
672 4135 860 4195 audacissime
881 4157 933 4215 per
954 4157 1067 4196 versum
1091 4138 1242 4196 turbarunt
1264 4147 1293 4194 et
