3034 4675
659 225 893 290 -158-

240 404 287 455 est
310 396 474 473 mnfutar03
503 394 587 455 video
609 394 789 468 Matreium,
817 397 910 455 virum
937 398 1008 455 recti
1029 406 1059 455 et
1079 397 1182 456 sinceri
1204 393 1309 466 iudicii,

238 520 304 561 cum
325 509 410 560 anna
431 503 627 582 proposuisset
649 501 772 580 ‘hospes
797 503 847 572 ait,
869 521 956 561 nosco
972 498 1109 562 Colchide
1123 499 1188 560 vela
1208 500 1308 580 sequi,

238 607 272 665 in
298 605 389 666 altera
419 605 516 668 Ovidii
545 604 670 667 editione
696 607 870 665 sententiam
899 616 1025 666 mutasse
1054 605 1192 687 quodque
1223 625 1311 686 supra

238 714 331 792 posui,
348 713 379 770 in
393 719 505 771 textum
520 711 662 791 recepisse
672 710 708 792 ¹).
739 709 867 789 deniqne
880 712 1075 793 contemplare
1089 712 1159 771 mihi
1172 709 1311 790 anonymi

239 817 415 896 epigramma
436 816 516 876 anth.
535 815 618 876 Plan.
646 823 714 889 138,
743 824 756 877 1
781 836 825 895 sq.

320 934 408 1019 δεῦρ’
431 934 475 998 ἴδε
499 935 726 1020 παιδολίτειραν
747 936 778 998 ἰν
800 933 900 1016 εἰκόνι,
923 932 1007 1020 δεῦρ’
1034 931 1075 1002 ἴδ’
1104 938 1234 1020 ἄγαλμα,
1259 1012 1264 1021 ⁸

420 1042 569 1122 Κολχίδα,
594 1041 774 1123 Τιμομάχου
794 1042 871 1126 χειρὶ
893 1040 1118 1121 τυπωσαμένου.

238 1163 487 1241 quotienscunque
518 1161 557 1222 ad
593 1164 646 1224 hos
680 1163 835 1224 versiculos
871 1182 936 1223 sum
968 1162 1095 1237 delatus,
1129 1164 1221 1222 meere
1251 1148 1309 1221 non

238 1285 355 1346 possum
377 1270 450 1347 quin
479 1268 662 1348 hyperbaton
684 1269 831 1347 singulare
859 1268 1032 1346 intellegam.
1074 1266 1213 1347 Κολχίδα
1234 1268 1308 1327 enim

238 1369 276 1428 ad
297 1367 381 1453 δεῦρ’
401 1368 444 1432 ἴδε
467 1371 692 1457 παιδολέτειραν
716 1372 899 1444 referendum
921 1383 951 1433 et
978 1373 1009 1433 in
1029 1374 1147 1434 alterius
1169 1373 1309 1432 enuntiati

238 1479 477 1537 constructionem
499 1487 709 1558 transgressum
731 1499 794 1538 esse
814 1478 935 1542 videtur.

323 1580 365 1641 At
384 1603 449 1642 eum
471 1586 528 1642 iant
549 1587 619 1644 satis
639 1584 727 1661 longo
743 1587 846 1643 itinere
859 1584 997 1643 lectorum
1012 1586 1123 1645 animos
1139 1583 1309 1663 defatigasse

238 1684 345 1760 videar,
368 1686 455 1746 finem
477 1691 577 1769 capitis
600 1709 633 1749 eo
656 1690 774 1762 faciam,
797 1698 830 1749 ut
850 1688 976 1749 breviter
996 1698 1114 1767 tangam
1135 1691 1309 1764 traiectionis

238 1791 357 1871 aliquod
379 1813 480 1871 genus,
504 1795 597 1855 levius
618 1794 690 1855 illud
706 1794 833 1874 quidem,
856 1793 906 1854 sed
928 1803 1048 1855 externa
1069 1794 1194 1874 quadam
1215 1797 1310 1876 specie

237 1898 381 1978 prioribus
400 1919 460 1959 non
481 1899 567 1980 plane
589 1900 734 1960 dissimile.
766 1903 966 1960 inveniuntur
987 1902 1063 1959 enim
1086 1902 1211 1960 maxime
1231 1899 1308 1980 apud

201 2083 204 2094 ὑ
238 2001 375 2064 Ovidium
397 2004 470 2065 tales
491 2006 645 2066 verborum
667 2007 869 2087 dispositiones
891 2005 985 2086 qualis
1006 2014 1050 2064 est
1071 2016 1137 2065 met
1154 2011 1260 2070 11818

389 2130 531 2204 ‘stemus’,
553 2130 606 2204 ait,
630 2130 752 2214 ιραστοζ
774 2130 861 2192 cclcc
879 2126 1046 2212 Cyllenaea,
1069 2128 1156 2190 ‘isto’.
1258 2173 1261 2180 -

238 2248 375 2305 orationis
390 2245 499 2306 'rectae
527 2249 614 2325 igitur
643 2251 820 2308 continuatio
852 2247 981 2308 subiecto
1014 2258 1043 2305 et
1072 2245 1162 2305 verbo
1196 2243 1310 2304 dicendi

237 2354 413 2432 interpositis
429 2353 593 2433 impeditur,
607 2357 648 2414 ita
670 2364 704 2414 ut
720 2374 820 2414 versus
833 2357 872 2414 ,in
893 2374 982 2435 parva
1004 2353 1132 2412 membra
1152 2352 1198 2411 vel
1220 2353 1309 2411 frusta

236 2456 375 2517 dissectus
392 2468 564 2536 compareat
595 2472 654 2539 quis
673 2464 705 2520 in
724 2469 868 2520 structura
889 2469 1002 2539 poetam
1025 2457 1196 2535 elegantiam
1218 2478 1308 2538 quan·

237 2561 304 2621 dam
326 2564 502 2641 quaesivisse
522 2564 604 2642 larga
625 2565 824 2645 exemplorum
845 2568 929 2644 copia
954 2564 1139 2624 demonstrat
1183 2563 1218 2622 cf.
1241 2574 1308 2623 met.

236 2671 284 2733 111
308 2673 367 2728 eet
391 2674 629 2746 sq.‚am.119,
654 2675 692 2731 25

352 2789 444 2864 ‘aiod
466 2791 551 2866 deos,
572 2793 703 2876 ‘poeit0’,
726 2792 755 2855 ei
776 2793 844 2876 quia
866 2793 943 2856 ooli
963 2794 1055 2867 aaut,
1079 2794 1202 2856 ‘arama’

238 2916 266 2966 et
282 2908 319 2969 H.
334 2908 446 2970 Loewii
462 2914 731 2971 commentationem
746 2911 784 2971 de
804 2912 951 2971 nonnullis
972 2913 1071 2990 figuris
1086 2912 1194 2992 quibus
1207 2920 1310 2990 poetae

325 3116 346 3182 1)
363 3118 433 3169 Satis
452 3128 492 3168 est
509 3120 644 3183 incertum,
663 3139 726 3172 num
743 3125 771 3173 in
790 3125 916 3189 Lygdami
936 3124 1020 3186 elegia
1038 3127 1062 3187 4,
1084 3139 1107 3176 v.
1126 3125 1158 3175 25
1175 3140 1214 3187 sq.
1243 3125 1309 3188 opti·

237 3206 338 3256 'morum
360 3206 478 3258 codicum
497 3209 575 3258 lectio
596 3212 630 3260 sit
646 3213 782 3274 probanda

469 3312 518 3345 nost
535 3299 576 3346 illo
594 3301 723 3364 quisquam
733 3304 874 3366 formosius
891 3303 941 3351 ulta
956 3304 1071 3363 priorum

502 3395 573 3450 astos,
590 3389 722 3440 omissum
738 3407 788 3455 nec,
809 3393 880 3448 sidet,
897 3392 962 3440 illud
976 3407 1044 3451 opus·

238 3472 370 3533 Hauptius
392 3474 431 3522 ita
453 3487 544 3523 versus
567 3475 594 3523 in
620 3476 733 3528 editione
756 3479 978 3542 repraesentavit,
1006 3480 1033 3529 ni
1060 3478 1151 3542 fallor,
1177 3481 1209 3529 ob
1231 3495 1309 3530 verae

238 3561 428 3610 emendationis
446 3564 660 3624 desperationem.
692 3569 787 3630 quodsi
805 3569 833 3617 in
850 3568 946 3617 tradita
959 3569 1087 3631 scriptura
1106 3577 1175 3617 esset
1192 3571 1309 3632 acquies-

238 3650 361 3723 cendum,
382 3651 489 3699 verbum
514 3648 601 3702 ‘ridet’
625 3658 811 3719 transpositum
841 3671 899 3706 esse
920 3659 999 3707 statui
1024 3665 1164 3721 oporteret
1207 3661 1253 3707 sed
1276 3661 1309 3708 ad

238 3737 306 3787 hauc
326 3736 557 3789 insolentissimam
575 3742 763 3808 traiectionsm‚
776 3760 829 3807 qua
839 3747 944 3796 verbum
959 3747 1062 3796 finitum
1074 3748 1169 3810 prioris
1182 3748 1309 3798 enuntiati

236 3834 297 3889 post
314 3827 468 3889 particulam
492 3826 555 3880 ‘nec’
574 3834 663 3880 sedem
687 3835 838 3900 occupavit,
860 3837 1050 3885 defendendam
1069 3836 1141 3885 aliud
1160 3837 1309 3900 exemplum

237 3930 290 3965 non
311 3917 426 3978 suppetit
448 3924 644 3981 nec'praesens
662 3928 764 3983 tempus
785 3923 929 3974 offensione
947 3932 1025 3974 caret
1061 3933 1148 3975 tamen
1167 3934 1221 3975 tarn
1240 3933 1309 3974 certa

187 4034 192 4044 .
235 4010 265 4051 et
280 4005 421 4065 probabilis
441 4008 600 4072 coniectura,
617 4018 646 4058 ut
663 4009 737 4060 locus
754 4012 839 4074 possit
850 4027 898 4075 pro
912 4015 1035 4077 expedito
1054 4023 1080 4063 et
1099 4023 1191 4064 sanato
1209 4015 1309 4071 haberi,

237 4095 353 4142 nondum
371 4102 412 4143 est
429 4097 571 4159 proposita.
