3034 4675
646 331 688 341 -
733 297 809 388 121,
840 336 878 343 -

222 463 286 523 Pal.
310 467 367 528 Vll
390 470 460 538 703,
483 472 502 526 4
525 468 556 524 in
577 465 688 545 Myrini
710 468 916 546 epigrammate

368 576 495 651 φρουρεῖ
513 563 542 629 d'
568 570 658 642 αὐτὸς
677 565 752 632 ἑλὼν
774 572 898 651 ποίμνια
918 571 1052 654 βάκτρον
1064 563 1174 652 Ἔρως,

223 692 275 751 ubi
296 691 418 770 ποίμνια
440 689 477 750 ad
499 699 632 775 φρουρεῖ,
654 691 789 775 βάκτρον
810 695 848 754 ad
870 690 945 755 ἑλών
966 698 1119 775 pertinent.
1157 697 1204 755 hic
1226 716 1296 776 quo·

222 817 281 877 qne
300 800 418 856 minime
439 799 523 856 metri
544 799 617 857 ratio
638 799 823 880 hyperbaton
845 801 998 860 obscurum
1019 804 1149 881 peperit,
1172 800 1223 860 sed
1244 801 1295 860 ali·

223 900 302 982 quod
335 910 437 983 poetae
469 902 596 963 studium
625 908 763 965 orationis
795 889 965 966 insolentius
998 915 1085 985 atque
1116 907 1295 966 artificiosius

222 1007 446 1067 conformandae
471 1027 641 1085 cognoscas,
665 999 731 1070 cum
751 1011 840 1072 verba
862 1014 919 1085 ita,
945 1020 978 1071 nt
998 1011 1217 1091 Peerlkampius
1239 1021 1295 1071 tra-

224 1114 377 1172 iectionem
398 1114 502 1172 iniuria
523 1114 689 1193 improbans
711 1119 844 1190 correxit,
868 1119 1042 1176 constituere
1062 1117 1148 1177 liceat

262 1225 265 1231 '
356 1224 485 1300 φρουρεῖ
502 1215 537 1277 d'
558 1219 649 1290 αὐτὸς
661 1210 763 1302 Ἔρως
785 1219 908 1299 ποίμνια
929 1220 1063 1302 βάκτρον
1083 1216 1167 1286 ἑλών.

221 1339 392 1414 congruenti
407 1340 519 1397 ratione
533 1337 678 1398 Leonidas
692 1340 869 1399 Tarentinus
888 1342 1024 1400 orationis
1048 1340 1176 1419 membra
1197 1340 1294 1401 turba·

222 1445 266 1502 vit
287 1443 366 1502 anth.
389 1444 452 1502 Pal.
476 1447 533 1506 Vll
557 1451 628 1517 657,
658 1453 666 1504 1
695 1464 737 1524 sq.
1118 1449 1121 1458 ’

397 1562 540 1643 ποιμένες,
563 1564 593 1626 οἳ
611 1565 726 1645 ταύτην
746 1564 828 1647 ὄρεος
851 1561 937 1647 ῥάχιν
959 1566 1134 1630 οἶοπολεῖτε.

483 1664 571 1751 αἶγας
592 1672 740 1754 κεύείροος
762 1669 958 1750 ἕμβατέοντες
979 1670 1033 1743 ὄϊς.

220 1792 259 1853 ad
281 1793 333 1853 hos
354 1813 453 1854 versus
477 1795 566 1854 veluti
587 1794 626 1854 ad
647 1794 798 1875 scopulum
819 1794 952 1854 nonnulli
974 1795 1120 1854 hominnm
1144 1793 1294 1854 doctorum

221 1899 403 1976 naufragium
431 1900 575 1974 fecerunt,
607 1898 686 1981 qnod
714 1900 803 1959 verba
833 1920 867 1960 eo
889 1899 990 1959 ordine
1020 1920 1078 1979 quo
1107 1902 1200 1979 posita
1228 1909 1296 1959 sunt

220 2002 434 2063 construebant.
469 2025 573 2085 nempe
589 2006 769 2085 explicarunt
792 2005 854 2064 ‘soli
871 2007 976 2064 currite
991 2024 1043 2084 per
1057 2007 1162 2064 montis
1175 2008 1294 2082 ingnm',

221 2124 253 2182 in
274 2127 344 2168 voce
365 2106 560 2187 ἓμβιιτέοντες
588 2110 625 2170 de
653 2109 816 2190 pastoribus
846 2105 1015 2190 αι’χιβάταις
1043 2111 1216 2187 cogitantes,
1245 2119 1296 2169 aut

220 2212 328 2288 codicis
358 2216 528 2294 scripturam
557 2224 732 2275 commutare
760 2223 829 2273 sunt
854 2217 925 2274 ausi.
977 2213 1029 2273 sed
1059 2214 1178 2274 laterem
1209 2215 1296 2295 plane

221 2319 327 2380 lavant.
370 2320 504 2381 facillime
532 2341 585 2401 per
613 2321 796 2402 hyperbaton
825 2320 878 2380 hos
899 2340 999 2380 versus
1026 2321 1230 2400 interpretatus
1252 2331 1295 2382 est

223 2425 382 2484 Hcckerus.
438 2429 621 2507 participium
653 2430 729 2486 enim
763 2423 972 2505 ἕμβατὲοντες,
1006 2425 1085 2485 unde
1117 2429 1295 2487 accusativus
1336 2490 1338 2493 ,

223 2523 310 2609 ῥάχιν
338 2541 421 2611 aptus
450 2542 511 2602 est,
541 2541 627 2612 poeta
656 2533 766 2590 traiecit
797 2539 886 2610 atque
918 2533 959 2590 ita
989 2530 1143 2590 lectoribus
1176 2530 1295 2610 laqneos
1385 2553 1389 2557 ¹

222 2637 334 2715 posuit,
364 2639 447 2715 quasi
475 2636 635 2697 οἷοπολεῖτε
664 2636 701 2695 ad
732 2656 782 2710 ea,
813 2656 888 2717 quae
909 2635 1099 2716 praecedunt,
1122 2638 1294 2716 pertineret,

222 2738 418 2821 praedicatum
440 2751 536 2802 autem
551 2742 710 2803 οῗοπολεῖτε
725 2739 895 2801 vertendum
917 2750 961 2802 est
973 2743 1108 2821 ‘pascite'.
1132 2740 1209 2820 quod
1224 2740 1296 2800 haec

222 2848 302 2906 notio
327 2849 358 2905 in
379 2848 475 2921 verbe,
498 2858 532 2907 ut
554 2851 647 2909 estin
670 2846 857 2920 substantivo,
884 2846 964 2906 nullo
986 2846 1043 2905 alio
1065 2844 1197 2924 exemplo
1219 2865 1294 2903 com·

172 2995 175 3001 ·
221 2951 368 3032 probatur,
392 2951 600 3013 dubitationem
622 2955 748 3012 excitare
769 2973 829 3012 non
845 2950 946 3026 debet3
966 2950 1086 3010 alteram
1109 2952 1185 3008 enim
1206 2951 1293 3008 inter·

222 3060 411 3137 pretationem
450 3060 474 3116 si
511 3058 779 3138 complecteremur,
819 3076 879 3136 qua
914 3048 1000 3137 ῥάχιν
1033 3054 1192 3115 οἷοπολεΐτε
1225 3074 1293 3114 con-

222 3161 402 3240 iungendum
423 3171 481 3236 est,
507 3163 593 3222 simili
621 3161 707 3224 modo
733 3181 851 3242 prorsus
880 3161 1063 3238 singulariter
1083 3179 1101 3217 a
1121 3159 1209 3219 verbo
1232 3159 1262 3219 oi
1278 3195 1292 3204 -

222 3270 324 3328 πολεῖν
344 3271 520 3329 accusativus
551 3267 698 3349 penderet.
741 3277 773 3326 at
801 3266 874 3326 illud
903 3268 1027 3325 maxime
1053 3275 1097 3325 est
1116 3264 1294 3326 animadver-

221 3371 350 3448 tendum,
373 3373 428 3434 hoc
443 3394 561 3454 qnoque
581 3373 644 3433 loco
663 3393 722 3434 non
736 3372 870 3431 versiculi
891 3373 987 3451 potius
1005 3391 1157 3430 nnmerum
1178 3379 1294 3447 poetam

221 3497 336 3539 curasse
366 3500 454 3560 quam
482 3480 617 3540 orationis
645 3479 804 3538 affectatam
827 3477 1014 3553 elegantiam,
1045 3496 1111 3536 cum
1132 3475 1213 3536 nullo
1234 3496 1293 3535 am·

220 3582 370 3661 biguitatis
391 3584 519 3666 periculo
543 3592 571 3642 et
592 3585 655 3643 sine
675 3603 809 3643 versuum
823 3580 1005 3656 detrimento,
1025 3591 1059 3641 nt
1073 3580 1223 3640 Heckerus
1236 3583 1293 3640 iam

221 3686 367 3765 indicavit,
390 3691 562 3749 sententiam
584 3687 737 3769 disponere
758 3689 899 3764 potuisset

374 3811 522 3890 ποίμενις,’
542 3808 575 3871 οἳ
592 3811 706 3889 ταύτην
727 3807 810 3890 ὄρεος
832 3801 917 3890 ῥάχιν
939 3806 1134 3886 ἔμβατὲοντες

489 3909 576 3996 αἶγας
597 3915 746 3996 κεύείρους
768 3907 925 3976 οἷοπολεΐτ’
952 3911 1025 3986 dinc.

306 4038 355 4095 Ex
377 4040 433 4112 eis,
469 4057 545 4118 quae
566 4037 621 4097 hoc
640 4041 733 4118 capite
756 4037 980 4118 disputavimus,
1010 4037 1096 4117 plane
1119 4046 1238 4118 apparet
1262 4039 1293 4096 in

221 4140 321 4219 lingua
347 4142 460 4203 Graeca
486 4145 630 4223 participii
660 4152 688 4202 et
718 4162 817 4203 eorum
839 4143 1040 4217 membrorum,
1070 4162 1147 4222 qnae
1167 4162 1185 4200 a
1205 4146 1292 4222 parti·
