3034 4675
652 268 864 331 ..15-

221 436 294 495 liciis
322 438 412 524 fuisse
437 436 567 509 videtur,
599 440 767 515 praesertim
796 440 827 495 in
855 438 946 497 titulis
973 442 1091 511 votivis,
1119 450 1151 499 ut
1181 441 1293 501 Gallim.

223 543 313 620 epigr.
339 541 487 602 56801111.
512 539 605 621 (anth.
628 541 690 600 Pal.
713 541 767 614 Vl,
794 543 866 624 148)

387 646 431 727 τῷ
452 668 490 723 με
511 645 683 731 Κανωπίτᾳ
703 645 889 706 Καλλίστιον
910 642 1001 707 εἴκοσι
1022 647 1130 725 μύξαις

430 749 569 821 πλούσιος
590 751 609 828 ἡ
631 749 763 833 Κριοίοο
784 750 891 828 λύχνον
913 748 1006 832 ἔθηκε
1027 754 1102 834 θεῷ.

221 862 369 934 praeterea
390 855 426 912 cf.
448 855 559 913 Mosch.
576 855 614 928 V,
640 862 657 918 3
679 855 782 916 ποθίει
810 853 843 915 δὲ
864 857 940 915 πολύ
962 853 1049 916 πλέον
1071 855 1091 915 ἅ
1110 878 1148 934 με
1169 856 1293 937 γαλάνα,

221 959 353 1020 Simmiae
374 959 455 1018 anth.
475 959 537 1017 Pal.
553 959 622 1031 VII,
641 966 678 1021 21
696 958 749 1020 τόν
770 981 802 1020 σε
822 966 924 1042 χοροῖς
944 959 1106 1038 patema
1128 959 1293 1042 Σοφοκλέα.
1342 1005 1348 1016 .

220 1063 368 1139 Meleager
383 1063 455 1135 XII,
477 1069 531 1124 101
552 1062 606 1123 τόν
619 1085 657 1141 με
672 1063 783 1136 πόθοις
805 1065 949 1147 ἄτρωτον.
986 1067 1067 1124 anth.
1089 1049 1257 1140 Plaustra,
1279 1075 1292 1128 1

220 1164 275 1227 τόν
287 1189 325 1245 με
339 1166 431 1228 λίθον
443 1165 578 1247 μέμνησο
591 1168 644 1228 τὸν
658 1168 797 1248 ἠχήεντα.
821 1168 944 1230 Onestes
958 1171 1038 1229 anth.
1054 1170 1117 1229 Pal.
1133 1171 1202 1243 VII,
1216 1177 1293 1245 tut

401 1272 477 1331 ἀλλὰ
499 1272 570 1333 κύον
592 1272 714 1350 σπίνοις,
737 1272 885 1356 Κέρβερε,
908 1272 961 1335 τόν
981 1296 1019 1352 με
1043 1274 1127 1351 κύνα,

221 1396 279 1455 quo
300 1377 402 1436 ultimo
427 1378 490 1437 loco
512 1378 668 1439 verborum
695 1381 784 1439 series
812 1388 874 1440 arte
897 1390 926 1438 et
954 1380 1074 1439 consilio
1096 1382 1226 1460 quaesita
1252 1389 1297 1439 est

223 1490 251 1539 et
271 1480 411 1541 vocabula
439 1486 515 1543 inter
544 1504 576 1544 se
604 1486 736 1565 opposita
757 1482 796 1542 ad
824 1486 936 1544 initium
963 1492 992 1544 et
1023 1485 1110 1543 finem
1132 1503 1231 1543 versus
1252 1505 1295 1544 re·

222 1587 354 1645 iciuntur.
391 1588 449 1646 huc
470 1591 557 1648 etiam
578 1592 704 1669 pertinet
722 1589 810 1649 Babr.
829 1591 886 1663 ΙΙΙ,
912 1599 927 1651 7
951 1589 1027 1670 πρὸς
1048 1596 1102 1649 τοῦ
1123 1610 1155 1649 σι
1178 1586 1294 1664 Πανός,
1314 1584 1318 1590 ’

221 1689 300 1769 quod
329 1692 405 1750 infra
432 1692 510 1773 apud
540 1697 785 1775 praepositionum
816 1694 979 1774 hyperbata
1008 1697 1111 1753 iterum
1140 1713 1293 1772 apponam.

221 1794 301 1853 aliud
330 1794 415 1854 valde
443 1798 571 1858 notabile
599 1799 763 1879 exemplum
791 1799 1125 1883 praebat‘Callimaohus
1154 1799 1207 1874 lig.
1236 1804 1291 1859 191

223 1899 377 1979 (Schn'H
398 1923 427 1981 p.
452 1904 527 1983 444)
588 1980 590 1984 y

214 2057 217 2080 3
313 2004 367 2065 τόν
387 2028 425 2083 με
447 2008 666 2090 παλαιοτρίταν
687 2006 801 2086 ὀμόσας
822 2008 898 2067 θεὸν
919 2002 1042 2079 ἑπτάκις
1063 2005 1209 2088 φιλύσιιν.

222 2113 290 2169 satis
312 2113 389 2170 enim
405 2120 448 2171 eat
469 2114 610 2172 incertum
624 2111 770 2192 quomodo
785 2112 873 2171 verba
892 2114 952 2171 sint
973 2112 1174 2188 intellegenda.
1208 2120 1295 2191 atque

222 2216 395 2294 Diltheyus,
426 2219 476 2295 qui
506 2220 630 2296 primum
652 2217 737 2298 (Jen.v
757 2219 877 2276 Literat
907 2222 984 2278 1874
1008 2238 1052 2275 nr.
1078 2216 1152 2297 537)
1174 2216 1296 2295 putabat

222 2341 380 2400 pronomen
408 2342 468 2381 non
496 2321 618 2383 eandem
646 2343 798 2403 personam
827 2341 915 2400 quam
943 2320 1154 2381 substantivum
1184 2322 1294 2381 παλαι-

223 2426 348 2509 στρίταν
370 2424 454 2501 θεόν,
477 2429 523 2485 oui
543 2431 683 2488 insertum
705 2437 756 2501 est,
780 2426 940 2503 designare,
963 2425 1015 2484 sed
1030 2447 1095 2485 eum
1112 2446 1198 2505 quem
1223 2445 1296 2505 puer

221 2531 327 2610 aliquis
349 2552 379 2590 se
401 2531 595 2596 osculaturum
617 2553 679 2593 ease
700 2553 753 2613 per
770 2531 856 2591 deum
878 2531 1038 2610 palaestrae
1059 2533 1187 2604 iurasset
1211 2541 1245 2591 ut
1257 2530 1298 2608 μέ

222 2636 362 2695 infinitivo
378 2634 515 2717 φιλύσειν
529 2647 604 2696 esset
622 2636 848 2715 adiungendum,
871 2656 949 2695 nunc
968 2630 1054 2694 aliam
1069 2655 1156 2714 quam
1178 2640 1296 2695 comitor
1384 2626 1389 2633 ¹

196 2731 199 2734 ⁴
222 2761 333 2799 mecum
355 2744 574 2801 communicavit
589 2745 761 2802 sententiam
773 2742 924 2822 amplexus
938 2748 989 2799 est.
1026 2739 1136 2799 collatis
1151 2741 1296 2822 Ciceronis

222 2845 317 2906 verbis
340 2847 422 2907 Verr.
440 2848 478 2919 ΙΙ,
501 2856 530 2923 4,
552 2846 591 2909 94
615 2847 742 2908 hermam
764 2848 846 2926 loqui
868 2847 1021 2918 exsufflat,
1045 2864 1132 2923 quem
1153 2865 1226 2924 puer
1246 2845 1297 2904 ille

223 2972 254 3011 se
275 2951 470 3011 osculaturum
493 2970 555 3010 esse
576 2955 754 3031 promiserat.
799 2972 858 3031 qua
879 2950 1072 3030 explicatione
1094 2948 1215 3029 probata
1240 2950 1296 3009 hoc

223 3057 387 3136 exemplum
420 3057 615 3135 superioribus
652 3057 773 3137 similius
812 3056 984 3135 articulique
1019 3057 1099 3114 notio
1133 3057 1296 3135 pronomini

224 3160 448 3221 demonstrativo
470 3161 516 3220 hic
539 3182 657 3241 quoque
675 3164 809 3242 proxima
836 3169 887 3220 est.
931 3163 1023 3237 magis
1044 3162 1129 3218 etiam
1151 3159 1297 3237 ambigere

223 3267 304 3341 licet,
327 3265 398 3346 quid
420 3266 458 3325 de
478 3265 607 3326 eiusdem
629 3268 790 3344 fragmento
817 3272 906 3328 3l5a
926 3264 1014 3323 Schn.
1038 3262 1091 3323 τόν
1110 3285 1142 3325 σε
1164 3265 1295 3345 Κροτω-

223 3360 334 3448 πιύύην
356 3374 394 3430 sit
416 3370 607 3431 statuendum.
642 3371 817 3452 Apollonius
838 3369 986 3449 Dyscolus
1005 3368 1121 3448 quidem
1146 3368 1197 3449 (de
1218 3380 1296 3448 synt.

223 3497 252 3554 p.
270 3482 319 3548 59,
338 3482 376 3538 22
393 3475 502 3556 Bekk.)
525 3473 578 3535 τόν
592 3497 624 3536 σε
648 3480 678 3534 in
700 3497 791 3535 unum
810 3478 885 3534 coire
906 3482 1045 3546 autumat,
1069 3474 1153 3533 simul
1175 3475 1298 3533 alterum
1351 3524 1354 3530 .

223 3580 345 3638 afferens
365 3579 479 3638 articuli
500 3580 718 3660 pronominibus
738 3580 938 3660 personalibus
960 3582 1116 3660 praepositi
1136 3580 1191 3656 trg.
1208 3578 1298 3641 alab

224 3683 272 3742 ναὶ
293 3684 338 3762 μὰ
358 3685 411 3744 τὸν
433 3684 525 3744 αὐτὸν
547 3683 606 3762 ἐμέ.
644 3695 821 3745 tamencum
836 3684 1044 3759 Sohoemanno,
1060 3687 1110 3765 qui
1125 3686 1156 3742 in
1169 3682 1297 3743 animad-

223 3790 403 3850 versionibus
431 3787 469 3848 ad
498 3799 626 3850 veterum
658 3792 907 3867 grammaticorum
936 3787 1096 3848 doctrinam
1116 3788 1152 3848 de
1176 3789 1297 3848 articulo

224 3911 253 3969 p.
277 3874 400 3954 57-'59
426 3894 461 3952 de
483 3895 528 3953 his
550 3895 742 3955 locutionibus
766 3898 839 3972 egit,
869 3895 1022 3954 articulum
1042 3914 1095 3974 per
1115 3892 1299 3973 hyperbaton

223 3994 390 4056 adnomen
409 3995 633 4080 Κροτοιπιύύην
653 4002 761 4061 referre
782 4003 871 4059 satius
897 4009 949 4058 est.
993 4000 1083 4059 multo
1106 4001 1181 4057 enim
1203 3999 1298 4056 minus

224 4097 263 4159 ad
292 4122 452 4181 pronomen
481 4102 516 4165 σέ
534 4106 686 4165 articulum
710 4104 856 4165 desideres
878 4124 965 4184 quam
986 4105 1024 4163 ad
1045 4122 1144 4161 vocem
1167 4104 1298 4184 Κροτω-
