3034 4675
631 268 675 278 -
718 179 867 297 1312

211 406 364 485 primariae
386 404 591 463 enuntiationis
612 403 755 462 obiectum
777 421 842 461 cum
856 403 945 462 verbo
966 402 1047 461 finito
1064 404 1121 460 iam
1142 383 1284 478 integram

209 512 383 569 sententiam
416 508 510 568 efficit.
554 510 596 568 sic
627 510 704 568 enim
735 506 774 566 dc
805 510 972 567 traiectione
1005 510 1121 566 omnino
1151 527 1211 567 non
1241 516 1285 565 est

212 613 404 692 cogitandum.
448 615 569 690 insignis
590 633 657 672 vero
679 613 712 672 fit
728 610 898 701 ¹huiusmodi
920 613 1115 686 conformatio,
1146 614 1170 671 si
1192 632 1284 672 enun-

210 723 315 780 tiatum
329 718 529 780 secundarium
551 738 691 779 summam
712 721 881 791 sententiae,
906 718 942 777 de
962 738 1021 797 qua
1035 720 1159 777 maxime
1179 720 1282 795 agitur,

211 829 340 886 continet
360 844 455 905 neque
478 824 577 885 deesse
599 823 693 897 debet,
716 832 749 883 ut
771 823 857 888 Hom.
880 823 916 882 Il.
943 823 971 881 V
996 829 1034 885 85

370 928 517 1008 Τυδείδην
539 925 567 989 d’
581 929 635 989 οὐκ
657 926 695 988 ἂν
715 928 815 1010 γνοίης
837 926 987 1009 ποτέροισι
1008 926 1121 1007 μετείη,

211 1035 269 1097 Od.
291 1037 337 1096 IV
357 1041 427 1120 832,
450 1035 538 1094 alias:
578 1034 634 1093 hoc
654 1043 751 1094 autem
780 1037 954 1094 traiectionis
981 1053 1087 1111 genere
1115 1040 1144 1092 et
1171 1032 1285 1111 singula

213 1143 361 1201 enuntiata
382 1143 471 1200 artius
493 1142 568 1199 inter
589 1160 620 1199 se
640 1140 812 1220 copulantur
826 1148 863 1207 et,
885 1139 965 1219 quod
986 1142 1017 1199 in
1039 1139 1182 1199 sententia
1203 1159 1284 1219 prae·

212 1247 298 1319 valet,
322 1248 414 1305 acrius
436 1248 467 1304 in
489 1264 572 1304 aures
594 1242 678 1304 cadit.
723 1264 820 1325 neque
840 1246 967 1322 vulgaris
990 1245 1168 1310 Graecorum
1190 1247 1282 1306 sermo

211 1373 232 1411 a
255 1352 306 1412 tali
329 1352 489 1434 elocutione
509 1351 662 1425 abhorret3
692 1350 840 1431 ciuArist.
856 1351 930 1409 Rau.
953 1355 1031 1423 431,
1064 1350 1173 1409 Eccles.
1197 1355 1284 1422 1125,

214 1458 416 1517 Lehmannum
430 1478 458 1536 p.
480 1461 515 1517 18
531 1476 595 1536 sqq.
625 1454 911 1514 animadvertendum
933 1464 1029 1513 autam
1048 1461 1110 1529 est,'
1116 1456 1286 1535 plerumque
1356 1493 1358 1496 v

212 1562 292 1642 apud
313 1562 402 1621 verba
431 1559 545 1620 dicendi
574 1570 603 1622 et
624 1559 768 1622 sentiendi
796 1562 872 1620 hanc
893 1558 1129 1620 cousuetudinem
1151 1563 1283 1620 inveniri.

213 1667 305 1726 multo
328 1666 463 1746 deinceps
483 1664 619 1726 audacior
641 1675 671 1725 et
691 1664 834 1725 difficilior
856 1675 899 1725 est
913 1666 1070 1740 collocatio,
1093 1666 1142 1726 ubi
1165 1666 1285 1727 verbum

213 1775 373 1833 sententiae
394 1775 556 1852 primariae,
580 1776 626 1832 cui
648 1771 808 1832 subiectum
830 1770 1017 1830 secundariae
1038 1772 1211 1853 applicanda
1233 1781 1284 1845 est,

213 1880 407 1937 accusativum
429 1878 534 1937 obiecti
555 1881 672 1938 omnino
693 1898 753 1936 non
774 1873 899 1958 patitur.'
928 1878 963 1941 cf.
978 1877 1063 1942 Pind.
1078 1877 1123 1938 01.
1140 1882 1169 1939 X
1190 1886 1200 1941 1
1220 1898 1284 1958 sqq.

466 1983 520 2043 τὸν
540 1980 780 2064 Ὀλυμπιονίκατ
793 1976 945 2062 ἀνάγνωτέ
962 2004 1015 2060 μοι

471 2082 689 2169 Ἀρχεστράτου
710 2088 805 2149 παῖδα
827 2086 903 2147 ποθὶ
926 2087 1033 2169 φρενὸς

468 2192 541 2271 ἐμᾶς
560 2192 733 2276 γέγραπται.

215 2324 390 2384 quamquam
419 2303 507 2365 verbo
538 2301 685 2388 dvo'pmoss
713 2307 891 2366 accusativus
920 2322 1060 2384 personae
1086 2304 1202 2383 proprie
1226 2293 1286 2363 non

216 2408 303 2469 debet
332 2409 482 2488 subiungi.
508 2421 605 2472 tamen
629 2432 735 2473 nomen
765 2413 913 2492 proprium
941 2429 978 2469 ex
1007 2411 1155 2468 enuntiato
1185 2428 1285 2468 secun-

216 2513 296 2574 dario
327 2515 364 2574 ob
392 2516 450 2574 vim
478 2520 639 2576 sententiae
667 2518 812 2578 sublatum
835 2525 864 2576 et
884 2517 976 2595 primo
998 2515 1061 2574 loco
1083 2517 1207 2594 positum
1229 2517 1286 2595 pri-

144 2622 158 2639 ”
215 2623 298 2679 marii
320 2622 427 2681 factum
449 2630 493 2681 cst
514 2623 664 2682 obiectum.
710 2625 841 2703 proxime
869 2619 905 2679 ad
935 2620 1151 2680 similitudinem
1176 2619 1287 2680 accedit

215 2726 317 2806 susp.
342 2727 431 2807 Hipp.
460 2732 537 2789 raso
553 2748 596 2807 sq.
1163 2708 1165 2717 '

382 2830 460 2910 ἀτὰρ
481 2841 622 2893 τοσοῦτον
645 2833 679 2893 οὐ
700 2830 871 2911 δυνήσομαί
889 2852 960 2891 ποτε
1049 2822 1051 2827 ’

383 2936 436 2996 τὸν
457 2935 510 2996 σὸν
531 2935 683 2999 πιθέσθαι
705 2933 789 2996 παῖδ’
812 2935 892 3006 ὅπως
913 2933 993 2995 ἐστὶν
1015 2931 1114 3005 κακός.

216 3038 361 3098 interdum
396 3042 450 3100 hoc
489 3051 573 3122 pacto
605 3042 694 3102 verba
721 3052 784 3102 arto
817 3041 931 3100 vinculo
961 3043 1037 3099 inter
1068 3059 1098 3098 se
1134 3042 1286 3098 coniuncta

216 3146 415 3222 seiungnntur,
440 3156 473 3206 ut
497 3140 668 3207 'attributum
698 3147 792 3207 solum
820 3136 1041 3225 transponatur,
1069 3164 1133 3202 cum
1155 3143 1288 3231 substan-V

215 3251 305 3310 tivum
335 3253 365 3310 in
394 3255 537 3312 sententia
565 3239 733 3315 secundaria
759 3260 921 3324 remaneat,
951 3251 1040 3310 veluti
1073 3251 1174 3329 Eurip.
1199 3246 1292 3309 Herc!

214 3355 270 3415 fur.
296 3361 355 3419 840
379 3356 421 3429 ὡς
442 3353 480 3416 ἂν
502 3406 609 3421 .....

370 3464 430 3545 γνῷ
451 3460 507 3540 μὲν
528 3463 581 3523 τὸν
599 3457 696 3547 Ἧροτς
718 3457 780 3534 οἷός
802 3458 869 3523 ἔστ)
893 3462 975 3544 αὐτῷ
994 3459 1092 3539 χόλος.

216 3567 336 3627 fortasse
359 3570 445 3627 etiam
465 3567 553 3646 Soph.
577 3570 683 3629 Trach.
708 3575 747 3631 98
771 3565 921 3649 probanda
942 3575 986 3627 est
1006 3568 1090 3627 lectio

296 3663 403 3748 Ἅλιον,
420 3666 518 3734 Ἅλιον
539 3672 614 3735 αἰτῶ

301 3785 391 3839 τοῦτο
412 3779 537 3861 καρῦξοι
560 3780 612 3853 τὸν
635 3775 803 3859 Ἀλκμήνας
825 3777 902 3840 πόθι
925 3800 976 3856 μοι
998 3775 1075 3837 πόθι
1098 3784 1169 3848 παῖς

302 3882 377 3942 ναίει
399 3873 480 3948 ποτ).

172 3995 176 4001 ’
215 3985 328 4049 coclites
348 3989 473 4048 melioris
501 3999 588 4050 notae
612 3989 751 4050 exhibent
772 3993 941 4070 scripturam
963 3985 1040 4048 πόθι
1062 4010 1113 4066 μοι
1136 3985 1212 4048 πόθι
1234 4010 1286 4065 μοι

216 4097 296 4164 παῖς.
340 4092 473 4153 dubitare
492 4095 566 4167 licet,
590 4103 686 4155 utrum
707 4102 778 4167 ποΐς
799 4116 837 4154 an
858 4096 979 4155 alterum
992 4093 1096 4172 proisit
1114 4091 1284 4168 delendum3

1081 4194 1118 4248 9*
