3034 4675
662 249 895 311 -162-

242 414 330 474 verba
355 413 428 493 ἐμὴν
456 412 488 474 δὲ
517 420 657 494 μεθῆκας
679 416 826 496 ἀτίμητον
848 417 1011 499 φιλότητα,
1042 437 1118 497 quae
1145 417 1199 477 sub
1228 419 1315 479 finem

243 529 325 579 erant
339 519 483 600 ponenda,
504 525 667 602 praeposita
682 523 828 602 quandam
846 524 1014 585 illaboratae
1036 526 1172 583 orationis
1193 527 1315 601 gratiam

242 627 406 687 ostendunt.
443 627 529 686 liceat
542 628 613 686 mihi
629 628 683 687 hoc
701 629 764 688 loco
777 628 858 687 aliud
871 630 1026 709 hyperbati
1041 626 1132 706 gc'nus
1153 629 1313 703 adnectere,

242 758 300 818 quo
323 739 398 794 inter
420 736 590 793 sententiam
614 734 812 794 secundariam
833 743 862 793 et
884 754 955 807 eam,
972 755 1047 815 quae
1066 735 1103 794 ab
1125 735 1176 794 illa
1196 735 1313 816 pendet,

242 843 422 903 enuntiatum
444 840 611 917 primarium
640 842 853 921 anticipationis
876 841 962 900 modo
985 841 1144 902 intercedit.
1187 845 1220 905 cf,
1243 845 1313 904 Ter.

241 950 317 1008 Eun.
337 946 366 1005 V
388 952 416 1018 4,
441 949 479 1004 23
503 963 546 1022 sq.

369 1068 470 1150 itaque
488 1078 522 1129 ut
542 1089 578 1129 ae
601 1068 733 1131 viderem
755 1070 870 1133 mirera
891 1070 948 1132 hac
970 1071 1070 1155 ecfapi
1089 1076 1185 1148 foros,

370 1193 447 1257 quae
468 1175 576 1248 futura
598 1176 737 1259 exempla
759 1176 863 1239 dieunt
885 1176 917 1239 irc
939 1197 1007 1238 eum
1027 1177 1162 1260 indipna.

241 1312 381 1374 sermonis
403 1311 433 1367 in
458 1328 508 1367 ore
530 1309 678 1369 hominum
699 1314 822 1370 viventis
851 1312 1091 1393 contemplatione
1114 1318 1222 1394 optime
1242 1315 1316 1374 haec

240 1418 389 1497 dispositio
419 1413 589 1493 explicatur.
633 1435 729 1494 neque
756 1417 815 1475 alia
841 1426 884 1476 est
912 1438 997 1477 causa
1019 1421 1049 1477 in
1070 1418 1219 1498 Sophoclis
1239 1420 1311 1494 loco,

239 1522 400 1583 difficiliore
428 1519 477 1578 illo
506 1519 625 1598 quidem
653 1531 772 1602 propter
741 1526 960 1582 ersententiae
982 1527 1135 1606 primariae
1161 1525 1310 1601 ambitum,

237 1629 345 1690 Trach
371 1621 431 1690 680
447 1644 511 1704 sqq

406 1743 463 1825 ἐγὼ
484 1743 542 1825 γὰρ
563 1736 605 1803 ὧν
627 1744 643 1804 δ
665 1744 731 1828 θήρ
752 1768 791 1823 με
813 1744 988 1828 Κένταυρος
1010 1755 1109 1807 πονῶν
1294 1813 1297 1820 ¹

403 1849 534 1931 πλευρὰν
555 1852 648 1935 πικρᾷ
669 1853 791 1930 γλωχῖνι
812 1852 1041 1931 προύδιδάξατο,
1180 1839 1185 1848 f

404 1962 526 2034 παρῆκα
547 1958 675 2033 δεσμῶν
697 1954 792 2032 οὐδὲν,
816 1955 887 2017 ἀλλ’
911 1956 1073 2039 ἐσῳζόμην,

291 2097 295 2102 -
401 2063 517 2138 χαλκῆς
538 2059 618 2132 ὅντως
639 2061 801 2122 δύσνιπτον
823 2060 854 2122 ἐκ
876 2061 981 2123 δέλτου
1001 2061 1130 2144 γραφήν,

403 2165 438 2226 τὸ
460 2164 620 2247 φάρμακον
641 2163 730 2227 τοῦτ’
752 2168 868 2248 δίπυρον
889 2167 1009 2239 ἀκτῖνός
1030 2160 1060 2228 τ’
1086 2168 1131 2227 ἀεὶ

403 2275 524 2354 θερμῆς
545 2272 667 2333 ἅτικτον
688 2272 719 2333 ἐν
740 2267 972 2356 μυχοΐςοῴζειν
997 2272 1057 2352 ἐμέ,

405 2374 459 2448 ἕως
481 2402 525 2437 νιν
546 2378 737 2460 ἀρτίχριστον
758 2378 929 2459 ἁρμόσαιμί
949 2402 1015 2439 που.

236 2514 315 2594 quod
343 2512 380 2572 ad
411 2531 526 2572 sensum
555 2518 688 2590 pertinet,
712 2518 803 2574 oratio
826 2515 944 2594 obliqua
965 2515 1000 2574 τδ
1023 2513 1183 2597 φάρμακον
1205 2523 1258 2571 etc.
1291 2532 1310 2571 a

235 2619 323 2679 verbo
354 2616 573 2699 προύδιδάξατο
603 2628 646 2679 est
673 2639 821 2699 suspensa.
866 2619 1010 2680 Wunderi
1040 2622 1117 2679 enim
1138 2620 1310 2677 sententiam

129 2778 132 2785 .
235 2726 402 2807 amplector,
433 2727 484 2803 qui
506 2744 635 2796 versum,
665 2745 752 2804 quem
781 2724 894 2784 codices
915 2737 981 2807 post
999 2729 1115 2804 χαλκῆς
1133 2723 1214 2795 ὅπως
1234 2723 1308 2783 δύο·

236 2853 339 2892 remor
361 2828 399 2913 ἐκ1
415 2827 519 2889 δέλτου
540 2829 659 2911 γραφὴν
680 2834 824 2904 inserunt,
851 2831 905 2890 καί
922 2854 974 2908 μοι
997 2827 1071 2891 τάδ’
1094 2823 1131 2908 ἦν
1153 2826 1309 2911 πρόρρητα

235 2938 286 2998 καὶ
312 2932 433 3001 τοιαῦτ’
457 2932 567 3015 ἔδρων,
597 2939 726 3015 spurium
755 2935 900 2995 iudicavit
945 2938 1055 3015 quippe
1079 2935 1213 2995 librarius
1242 2954 1308 2992 oon-

235 3046 393 3102 structione
424 3061 483 3100 non
516 3051 666 3121 perspecta
697 3062 749 3101 suo
781 3044 898 3101 invento
933 3042 1113 3100 vacillantem
1150 3034 1307 3100 orationem

235 3157 398 3208 sustentare
429 3155 472 3205 est
504 3156 631 3206 conatus.
676 3150 756 3206 anxii
787 3157 883 3207 autem
916 3157 945 3206 et
972 3146 1117 3206 haerentis
1145 3148 1234 3205 animi
1264 3155 1308 3205 est
1390 3173 1392 3177 ·

235 3253 380 3332 implicata
402 3251 452 3309 illa
472 3253 626 3313 verborum
646 3255 809 3312 consecutio
829 3256 859 3311 in
881 3249 1030 3331 Euripidis
1051 3251 1161 3310 Phoen.
1186 3256 1245 3313 383
1262 3271 1315 3330 sq..
1386 3282 1391 3291 ·

431 3367 511 3441 ὅπως
532 3371 551 3430 δ
558 3368 567 3389 ²
592 3368 706 3453 ἔρωμαι
726 3371 770 3450 μή
793 3394 821 3438 τι
844 3370 900 3449 σὴν
921 3368 1004 3430 δάκω
1027 3366 1131 3451 φρένα,

431 3473 540 3554 δέδοιχ’
562 3476 582 3535 d
600 3470 712 3559 χρῄζω,

233 3597 284 3656 ubi
313 3616 364 3655 sen
365 3598 483 3656 tentiam
512 3593 550 3653 ad
579 3596 657 3653 hunc
684 3595 814 3655 ordinem
845 3594 958 3672 redigas
987 3594 1067 3665 ὅπως
1093 3590 1161 3653 δ”
1151 3568 1263 3675 ἔρωμαι
1286 3590 1306 3651 ἃ

230 3694 400 3787 χρῄζωδ
384 3698 503 3760 δέδοικα
538 3700 582 3778 μα’
620 3722 649 3759 τι
680 3700 735 3778 σὴν
766 3692 848 3759 δάκω
881 3699 984 3781 φρένα
1039 3709 1166 3759 ceterum
1197 3700 1311 3779 inspice

232 3806 362 3866 scholion
384 3828 409 3865 a.
433 3806 462 3865 h.
487 3807 505 3865 1

318 3912 381 3971 Illis
403 3914 498 3989 igitur,
522 3930 597 3991 quae
618 3909 703 3969 modo
718 3913 878 3987 generatim
896 3912 1089 3990 exposuimus,
1106 3911 1302 3989 praemunitis,

232 4038 270 4076 ne
298 4016 485 4098 disputationi
516 4027 631 4076 nostrae
664 4015 738 4075 desit
767 4015 854 4089 ordo,
883 4015 954 4074 utile
986 4014 1069 4074 nobis
1098 4009 1212 4072 videtur
1241 4033 1304 4072 eam

232 4122 347 4199 ingredi
374 4125 466 4195 viam,
497 4132 529 4182 ut
550 4141 651 4194 causa,
682 4141 757 4200 quae
779 4124 871 4201 poetis
893 4124 922 4179 iu
944 4120 1097 4180 verborum
1118 4118 1304 4198 dispositione
