3034 4675
647 256 882 340 5-167—

225 426 362 486 fidentius
376 425 503 486 iudicare
520 426 574 487 tibi
588 426 717 499 videbor,
734 403 898 486 cumidem
919 425 1073 505 hyperbati
1092 445 1184 503 genus
1201 412 1301 486 Theo-¹

225 531 308 609 gnidi
329 534 491 611 impertiam
515 534 546 591 in
569 532 697 591 versibus
720 537 780 594 461
802 523 846 609 sq.

310 647 426 729 μήποτ’
448 646 501 710 ἐπ’
525 650 688 732 ἀπρήκτσις
709 650 747 711 σύ
769 672 800 731 γε
823 658 892 709 νοῦν
914 647 969 732 ἔχε,
991 646 1067 728 μηδὲ
1085 650 1216 735 μενοίνα,

409 754 555 837 χρήμασι,
575 763 637 815 τῶν
658 745 758 827 decom
779 754 890 835 γίνεται
912 754 1037 831 οὐδεμία
1056 755 1122 814 -?

170 891 178 904 ’
225 873 264 935 σύ
278 895 310 955 γε
325 881 393 934 νοῦν
408 870 454 951 ἔχε
469 874 617 933 Hartelius
634 872 817 933 scribendum
834 893 897 933 esse
911 876 1031 933 coniecit
1047 874 1105 933 leni
1129 878 1296 936 mutatione.

224 989 256 1039 at
272 979 414 1057 Bergkins
435 981 466 1038 in
487 980 543 1038 hac
556 978 708 1064 uerborum
723 982 892 1038 traiectione
913 978 992 1055 apud
1011 983 1161 1059 antiquum
1182 991 1297 1060 poetam

225 1084 358 1157 offendit,
389 1104 563 1164 quemquam
586 1083 800 1144 Alexandrinos
829 1084 946 1164 quidem
977 1085 1052 1143 hanc
1076 1086 1219 1146 licentiam
1241 1088 1296 1147 fre-

224 1199 379 1270 quentasse
410 1189 548 1255 concedit,
593 1199 689 1248 tamen
721 1190 862 1266 exemplis
895 1209 931 1248 ex
961 1191 1171 1270 antiquioribus
1203 1195 1297 1269 poetis

226 1316 313 1372 supra
335 1296 429 1354 allatis
451 1296 519 1354 satis
534 1292 699 1355 defenditur
717 1296 789 1354 haec
811 1295 955 1374 implicata
970 1296 1124 1355 verborum
1147 1296 1294 1356 collocatio

222 1422 241 1460 a
262 1400 435 1477 Theognide
464 1401 520 1457 iam
542 1409 687 1479 usurpata.
731 1410 820 1480 atque
846 1403 871 1459 si
892 1389 1000 1460 ¹mirum
1026 1401 1186 1476 videbitur,
1217 1402 1296 1482 quo'd

223 1505 362 1564 hocloco
383 1485 524 1564 vocabula
545 1513 606 1563 arte
628 1506 827 1575 cohaerentia,
850 1505 1060 1565 substantivum
1082 1505 1146 1566 dico
1168 1516 1197 1566 et
1216 1510 1296 1567 attri-

139 1610 143 1620 '
223 1611 339 1683 butum,
368 1611 409 1667 sic
429 1618 498 1668 sunt
523 1610 667 1681 seiuncta,
697 1610 764 1670 vide
792 1631 867 1690 quse
895 1613 976 1669 initio
1010 1611 1095 1670 huius
1126 1615 1226 1702 cappis
1259 1613 1296 1673 de

221 1716 387 1798 parenthesi
413 1711 527 1773 mediae
556 1716 678 1773 orationi
704 1716 784 1775 illata
814 1718 1007 1795 exposuimus.
1056 1727 1206 1792 praeterea
1232 1738 1295 1798 per·

222 1823 355 1903 apposite
383 1820 440 1878 huc
461 1817 588 1877 adducas
610 1820 769 1880 ArchImeli
790 1827 966 1902 epigramma
986 1823 1065 1882 anth.
1088 1823 1150 1882 Pal.
1167 1828 1231 1886 ΝΠ
1256 1829 1294 1885 50

372 1937 427 2016 τὴν
449 1934 621 2018 Εὐριπίδεω
641 1935 721 2016 μήτ’
745 1936 838 2021 ἔρχεο,
860 1938 937 2020 μήτ’
958 1939 1128 2019 ἐπιβάλλον,

426 2041 578 2118 δύσβατον
601 2040 777 2125 ἀνθρώποις
799 2039 893 2122 οἶμαι,
916 2044 1090 2106 ἀσιδοθέτα.
1130 2077 1135 2088 ·

221 2183 397 2244 quamquem
425 2161 498 2220 haec
526 2160 678 2221 verborum
715 2167 843 2224 traiectio
872 2165 1020 2245 aliquanto
1048 2168 1142 2224 minus
1172 2165 1295 2223 difficilis

222 2277 274 2343 cst,
300 2289 365 2326 cum
386 2269 472 2326 etiam
493 2264 532 2325 ad
553 2269 753 2344 interpositum
776 2274 974 2352 imperativum
998 2268 1159 2349 ἐπιβάλλον
1173 2269 1294 2329 verbum

222 2371 375 2456 ἔρχεσθαι,
392 2372 470 2435 unde
484 2375 662 2435 accusativus
677 2371 762 2456 οἷμον
781 2377 898 2454 pendet,
914 2387 1011 2436 mente
1032 2380 1069 2436 sit
1089 2375 1292 2457 supplendum.

224 2480 275 2540 sed
297 2481 370 2541 illud
392 2491 435 2541 est
454 2485 620 2542 recentioris
641 2492 759 2563 poetae3
788 2502 886 2542 verum
909 2503 947 2542 ne
968 2482 1067 2542 credas
1089 2482 1202 2543 sublato
1224 2492 1293 2540 tem-

221 2608 323 2664 porum
339 2587 503 2648 discrimine
518 2590 658 2669 exemplis
672 2588 757 2649 modo
775 2590 872 2648 omnia
888 2582 997 2662 confici,
1020 2608 1163 2669 apponam
1183 2588 1293 2667 Sopho-

221 2693 273 2751 clis
304 2693 413 2766 locum,
443 2695 494 2753 ubi
522 2698 692 2772 congruenti
720 2699 808 2774 plane
836 2698 947 2753 ratione
976 2697 1065 2753 oratio
1087 2704 1131 2752 est
1152 2693 1292 2752 ordinata.

220 2945 267 3000 ἐπὶ
279 2941 387 3001 πόντον
402 2944 556 3017 ἀτρύγετον
568 2951 706 3012 posteriori
719 2950 798 2998 verbo
811 2942 968 3013 ἀλάλησθαι
980 2959 1041 3000 sunt
1053 2952 1223 3010 adnectenda,
1234 2964 1292 2999 cum

221 3041 254 3087 ad
279 3040 385 3088 verbum
407 3032 476 3089 κακὰ
501 3031 620 3103 πάσχειν
644 3038 864 3102 praepositionem
888 3037 918 3087 ἐν
943 3039 1073 3087 desideres
1098 3037 1139 3099 (cf.
1158 3037 1207 3089 Od.
1227 3037 1292 3101 14).

221 3128 263 3176 cui
283 3128 341 3176 loeo
359 3128 435 3189 plane
453 3128 572 3177 similiter
590 3129 768 3176 conformatus
787 3133 826 3174 est
845 3126 911 3174 alter
929 3124 979 3175 Od.
997 3126 1091 3176 XVIII
1112 3128 1154 3177 131

372 3209 488 3268 πάντων
507 3211 577 3267 ὅσσα
595 3231 624 3266 τε
644 3219 730 3281 γαῖαν
749 3214 797 3266 ἔπι
815 3218 904 3265 πνείει
924 3232 951 3266 ιε
970 3217 1018 3267 καὶ
1036 3213 1123 3282 ἕρπει.

221 3331 311 3370 contra
330 3323 410 3371 verba
427 3324 587 3384 praecedunt
605 3330 630 3371 et
648 3318 778 3371 obiectum
796 3321 962 3383 subsequitur
978 3316 1028 3370 Od.
1046 3321 1137 3369 XXIV
1157 3321 1206 3370 236

401 3419 501 3476 κύσσαι
519 3427 565 3475 καὶ
584 3429 740 3493 περιφῦναι
758 3420 805 3475 ἑὸν
825 3418 923 3486 πατέρ’
944 3418 995 3488 ἠδὲ
1014 3421 1113 3475 ἕκαστα

404 3515 504 3565 εἰπεῖν.

217 3603 311 3651 etenim
332 3604 495 3652 aecusafivus
515 3599 562 3654 ἑὸν
581 3604 689 3669 πατέρα
707 3618 723 3651 a
741 3603 820 3651 verbo
837 3598 936 3652 κύσσαι
959 3604 1063 3667 pendet,
1085 3604 1155 3664 quod
1179 3603 1290 3650 alterum

217 3700 373 3759 neptunum
397 3707 486 3741 casum
510 3692 627 3740 datimm
645 3692 694 3740 sibi
715 3690 832 3753 postulat
848 3688 890 3750 (cf.
912 3689 961 3740 Od.
980 3690 1130 3754 11111416)
1167 3692 1194 3739 id
1210 3692 1290 3753 igitur

216 3780 382 3840 vocabulum,
399 3784 470 3842 quod
490 3781 603 3843 primum
620 3781 707 3829 locum
729 3787 808 3843 tenet,
829 3780 897 3827 adeo
919 3780 1061 3842 praevalet,
1083 3791 1112 3828 ut
1133 3780 1212 3828 etiam
1231 3786 1290 3841 post

215 3867 341 3917 insertum
355 3870 463 3918 verbum
480 3870 591 3918 alterum
609 3870 697 3918 sedern
715 3870 818 3925 habeat,
838 3871 908 3929 quod
932 3884 990 3917 cnm
1008 3869 1055 3917 illo
1075 3876 1115 3917 est
1131 3869 1290 3929 coniungen-
1378 3866 1381 3874 '

215 3959 285 4006 dum.
325 3972 415 4006 verum
433 3973 511 4021 quam
528 3958 582 4011 late
600 3959 707 4006 verbum
729 3959 817 4020 priore
841 3958 901 4005 loco
919 3959 1032 4019 positum
1050 3958 1103 4005 vim
1121 3971 1195 4004 suam
1213 3970 1289 4005 exer-

216 4059 275 4094 cere
286 4047 370 4107 possit
383 4048 410 4095 in
423 4061 454 4096 ea
463 4061 530 4108 quae
543 4054 693 4109 sequuntur,
701 4046 770 4095 clare
783 4047 944 4094 demonstrat
957 4048 1051 4095 mirum
1063 4046 1128 4094 illud
1140 4045 1288 4107 exemplum

127 4182 143 4194 ,
216 4132 301 4186 Noun.
319 4135 400 4184 Dion.
418 4135 534 4184 XLVIII
553 4136 696 4187 set—469.
