3034 4675
661 251 876 320 ...12-

234 423 437 503 subsequente.
483 424 615 498 exiguam
643 440 711 480 vero
741 420 813 486 haec
841 420 990 478 collocatio
1012 419 1198 480 offensionem
1219 422 1308 482 habet

235 531 266 588 in
287 528 396 588 melicis
419 527 554 606 rhythmo
568 545 621 605 per
641 525 740 604 plures
755 545 854 584 versus
870 523 1053 597 decurrente3
1075 529 1166 586 maior
1187 527 1308 586 audacia

235 636 267 691 in
287 635 416 692 trimetro
439 638 482 692 est
502 627 710 706 cognoscenda,
733 639 766 688 ut
787 630 876 709 Soph.
900 629 970 687 Ant.
988 635 1047 692 409

396 744 496 795 πᾶσαν
517 732 598 793 κόνιν
620 733 776 815 σήραντες,
798 732 817 811 ἢ
841 740 959 811 κατεῖχε
982 733 1035 793 τὸν
1057 730 1152 799 νέκυν,

234 844 269 901 ef,
292 841 327 901 Ο.
351 842 458 899 Hense.
488 838 611 898 Studien
639 860 676 897 zu
704 838 794 918 Soph.
818 860 846 917 p.
875 846 921 899 14.
947 844 985 900 92
1010 836 1074 918 (qui
1096 847 1192 897 tamen
1219 840 1250 897 in
1273 857 1306 900 eo

235 955 311 1008 errat
338 944 417 1025 quod
452 952 496 1002 ter
530 943 703 1023 Sophoclem
735 943 791 1002 hoc
822 944 923 1002 fecisse
955 942 1039 1015 dicit,
1074 963 1139 1001 cum
1172 951 1308 1021 quattuor

234 1050 366 1129 exempla
394 1058 558 1129 comparata
586 1043 728 1108 habeam:
763 1057 877 1127 praeter
897 1048 1064 1124 Antigonae
1088 1067 1202 1106 versum
1229 1047 1305 1109 Phil.
1393 1106 1397 1111 ,
1512 1073 1513 1106 1

235 1162 307 1220 aaa.
356 1154 390 1215 0.
423 1155 453 1215 ο.
485 1158 555 1215 351.
596 1153 642 1213 sl.
675 1159 745 1216 sio.
795 1151 861 1212 vtae
888 1151 1069 1214 schneidewt
1126 1152 1239 1211 Nauck.
1269 1151 1307 1211 aa
1512 1139 1513 1148 '

233 1258 308 1318 Phil.
341 1244 425 1339 363).
478 1277 654 1336 quamquam
686 1257 902 1317 concedendum
938 1266 982 1317 est
1013 1259 1179 1317 recitatione
1210 1261 1307 1317 sensui

233 1366 324 1440 magis
345 1362 529 1422 accomodata
549 1382 685 1441 pausam,
715 1382 791 1442 quae
819 1363 877 1421 fine
903 1381 1001 1422 versus
1031 1363 1186 1435 efficiatur,
1217 1363 1306 1421 multo

233 1487 296 1529 esse
317 1470 474 1541 minutam,
497 1470 645 1527 tamenin
667 1467 721 1525 hac
741 1468 883 1544 positione
903 1466 1021 1525 liberior
1042 1476 1193 1546 poetarum
1215 1487 1307 1527 sermo

153 1629 156 1635 ,
233 1575 406 1652 agnoscitur.
444 1574 478 1631 cf.
495 1572 623 1631 Boeckh.
647 1580 707 1630 not.
730 1573 793 1629 crit.
817 1569 854 1628 ad
876 1568 962 1628 Pind.
984 1593 1012 1650 p.
1032 1577 1068 1633 37
1075 1580 1101 1635 1.
1138 1572 1240 1632 eadem
1261 1573 1308 1632 vel

231 1679 332 1739 similis
347 1687 390 1738 est
403 1677 529 1750 libertas,
545 1679 569 1736 si
583 1676 721 1735 articulus
735 1684 803 1735 ante
818 1694 965 1734 caesuram
987 1679 1159 1755 pentametri
1181 1680 1305 1756 ponitur,

232 1792 265 1843 ut
293 1782 419 1860 exempli
447 1784 540 1858 gratia
571 1783 603 1839 in
631 1783 837 1860 epigrammate
865 1779 1014 1839 Leonidae
1041 1781 1194 1840 Tarentini
1225 1782 1304 1840 anth.

232 1887 296 1948 Pal.
319 1887 375 1959 IX,
401 1892 461 1949 335

333 1988 499 2072 Ὑλοφόροα
520 1985 655 2070 τῶγαλμ’
678 1985 742 2070 ἀφ’,
773 1988 926 2071 atomon,
958 1989 1172 2061 Μικκαλίωνος

353 2092 490 2177 -Ἑρμῆς
511 2091 575 2154 ἄλλ’
600 2091 643 2154 tos
668 2094 720 2154 τὸν
742 2094 869 2176 κρήγυον
890 2091 1038 2175 ὑλοφόρον

232 2209 284 2268 uhi
306 2216 335 2268 et
356 2210 442 2288 primi
464 2227 564 2267 versus
591 2206 803 2267 animadvertas
831 2207 1013 2266 artificiosam
1042 2185 1258 2288 dispositionem
1279 2219 1308 2267 et

231 2314 321 2374 altero
335 2333 429 2373 ¹versu
450 2309 503 2372 τόν
524 2311 601 2371 idem
622 2313 684 2372 fere
706 2332 769 2373 esse
789 2321 878 2392 atque
892 2310 993 2372 αὐτόν.
1032 2314 1068 2372 cf.
1084 2313 1202 2373 Jacobs.
1226 2312 1305 2373 anth.

138 2494 143 2499 ,
231 2419 293 2478 Pal.
317 2427 385 2480 tom.
409 2418 458 2476 III
479 2439 506 2496 p.
533 2424 603 2480 535.
642 2420 699 2477 iam
718 2416 797 2497 apud
820 2419 979 2477 Homerum
1002 2418 1164 2491 nomenab
1187 2419 1306 2478 articulo

232 2543 349 2584 caesura
370 2524 532 2582 hexametri
553 2523 673 2583 distrahi
695 2521 874 2583 demonstrat
895 2521 950 2582 Od.
974 2523 1062 2595 XXI,
1087 2529 1147 2585 425

333 2627 454 2707 ἥμενος·
480 2625 551 2686 οὐδέ
570 2650 599 2687 τι
618 2635 672 2688 τοῦ
694 2635 807 2687 σκοποῦ
828 2628 991 2710 ἤμβροτον,
1015 2625 1085 2687 οὐδέ
1105 2651 1134 2687 τι
1155 2626 1243 2700 τόξου

335 2733 390 2812 δήν
413 2729 533 2809 ἔκαμον,

165 2842 290 2929 Μοαο
312 2839 375 2898 Ιοοο
398 2843 452 2897 τοῦ
473 2836 511 2894 ad
532 2839 709 2916 pronominis
730 2847 863 2896 naturam
884 2836 1002 2896 accedit.

127 2908 220 3055 ⁹th
318 2945 421 3026 Specie
436 2943 606 3016 maximam,
630 2951 661 3001 at
682 2960 713 3000 re
733 2961 802 3002 vera
822 2942 979 3018 legitimam
1003 2942 1198 3002 collocationis
1219 2943 1307 3003 liber·

66 3074 101 3125 „a
136 3080 138 3085 >
232 3054 321 3106 tatem
342 3046 554 3108 articulussihi
575 3045 718 3120 vindicat,
748 3047 800 3107 ubi
828 3056 926 3108 tuetur
947 3050 1175 3128 antiquissimam
1203 3070 1307 3127 prono·

26 3072 60 3213 h
180 3192 188 3207 a
234 3152 319 3210 minis
341 3151 557 3211 demonstrativi
577 3154 636 3210 vim
658 3161 686 3211 et
707 3161 849 3227 naturam,
872 3153 953 3211 velut
974 3154 1062 3215 Hom.
1085 3152 1140 3235 Od.¹
1163 3155 1189 3226 Ι,
1214 3162 1274 3218 439

419 3257 438 3334 ἦ
460 3255 516 3335 μὲν
537 3258 589 3316 τὸν
611 3256 747 3329 πτύξασα
770 3258 819 3317 καὶ
842 3259 1000 3338 ἀσκήσασα
1019 3267 1136 3337 χιτῶνα

234 3369 262 3419 et
283 3361 319 3419 ΙΙ.
342 3361 398 3435 XI,
425 3367 495 3425 186.
546 3365 587 3421 sic
609 3365 694 3422 etiam
716 3366 898 3443 postponitur
919 3366 1030 3424 nomini
1050 3365 1097 3424 vel
1118 3365 1305 3439 substantivo,

234 3469 401 3545 praesertim
429 3468 453 3526 si
484 3470 642 3526 enuntiatio
669 3467 790 3527 relativa
816 3479 867 3527 aut
896 3470 1060 3549 temporalis
1089 3473 1221 3550 proxime
1240 3471 1306 3531 sub·

234 3574 377 3651 sequitur,
408 3591 484 3652 quae
509 3572 629 3632 articulo
656 3572 841 3651 praecedenti
862 3573 1012 3634 indicatur.
1057 3577 1092 3634 cf.
1116 3576 1151 3634 ΙΙ.
1174 3579 1210 3651 V,
1235 3581 1305 3648 210,

235 3676 361 3736 Schnorr
382 3698 440 3736 von
463 3676 630 3737 Oarolsfeld.
661 3677 814 3737 verborum
843 3680 991 3739 collocatio
1020 3681 1184 3741 Homerica.
1229 3681 1305 3740 Berl.

240 3788 328 3845 1864.
351 3805 380 3862 p.
410 3790 455 3845 15.
492 3782 599 3849 nosch.
627 3785 707 3864 Sept.
732 3792 793 3848 492
818 3783 931 3867 ἐχθρὸς
957 3784 1015 3866 γὰρ
1044 3784 1119 3868 ἀνὴρ
1149 3785 1235 3868 ἀνδρὶ
1264 3786 1308 3868 σιξ

233 3886 420 3966 ξυστήσεται.
465 3887 536 3947 haec
563 3908 631 3948 vero
660 3892 837 3968 pronominis
866 3889 882 3950 ὁ
913 3891 1078 3970 dispositio,
1108 3911 1174 3950 cum
1195 3889 1308 3950 articuli

233 4003 338 4052 natura
365 3993 402 4054 ab
432 4012 466 4052 eo
496 3992 591 4053 aliena
619 3996 672 4069 sit,
703 3993 741 4052 ad
771 3995 955 4074 hyperbaton
983 3996 1100 4075 proprie
1127 3995 1227 4053 referri
1249 4013 1308 4053 non

233 4106 336 4176 potest,
359 4118 455 4178 neque
476 4099 563 4158 huius
584 4101 627 4158 rei
640 4100 816 4158 mentionem
831 4102 968 4173 fecissem,
985 4102 1041 4159 nisi
1056 4103 1308 4180 transpositionem
1397 4120 1400 4125 ’
1512 4118 1513 4143 t
