3034 4675
10 10 190 177 '-

641 257 855 319 „13-

211 421 433 482 audacissimam
463 425 519 481 hor.
549 424 612 483 loco
645 444 869 486 commemorare
899 426 1018 498 vellem,
1055 446 1130 505 quae
1166 438 1286 489 externa

211 528 311 605 aliqua
339 527 527 587 similitudine
555 548 621 588 cnm
649 530 699 589 illa
726 532 878 589 coniuncta
906 539 965 604 cst;
1001 528 1065 589 dico
1094 534 1171 591 enim
1200 535 1284 593 istam

212 634 391 710 pronominis
413 631 429 692 ὅ
448 633 674 706 collocationem,
697 655 765 714 qua,
788 654 854 693 cum
874 634 987 693 articuli
1006 643 1140 696 naturam
1161 658 1284 717 praese

211 727 306 809 ierat,
323 739 448 811 nomini,
471 741 517 798 cni
538 738 754 817 praefigendum
777 747 853 810 erat,
878 740 1068 817 postponitur.
1113 743 1154 799 ita
1175 743 1283 803 Paulus

213 840 494 903 susisaniana.
516 844 579 901 Par.
595 845 632 916 v,
657 847 727 915 aaa,
754 831 771 904 'a
794 843 946 902 anianum
968 845 1091 901 raiatia

330 945 499 1029 μοιοβόροις
518 946 669 1024 βελέεσσιν
691 945 860 1025 ἀνέμβατος
881 946 897 1005 ὁ
920 946 990 1028 πρὶν
1011 943 1160 1029 Ἐρώτιον.
1217 947 1219 950 ’
1292 955 1296 962 ‘

211 1049 435 1110 construendum
457 1055 532 1111 enim
556 1061 600 1112 est
620 1052 636 1111 <l
658 1052 729 1133 πρὶν
749 1050 919 1130 ἀνέμβατος
939 1050 1107 1134 γοιοβόροις
1133 1051 1283 1130 βελέεσσιν

211 1152 359 1238 Ἐρώτων.
404 1158 476 1215 haec
503 1159 575 1215 mira
604 1167 633 1216 et
661 1153 796 1219 notabilis
824 1157 937 1216 articuli
964 1159 1093 1216 traimtm
1121 1156 1284 1218 defenditur
1352 1185 1354 1190 ·

210 1261 267 1320 alio
296 1237 360 1320 loco
385 1282 444 1321 non
473 1261 618 1336 dissimili3
651 1266 682 1322 in
711 1265 916 1344 epigrammate
939 1262 1086 1341 Antipatri
1114 1262 1281 1322 Macedonis

176 1439 179 1444 Ι
210 1367 289 1425 anth.
313 1366 375 1425 Pal.
398 1368 451 1439 IX,
477 1374 527 1433 46,
552 1376 568 1428 5
592 1387 636 1446 sq.
658 1369 730 1426 haee
750 1367 894 1444 leguntur.

348 1462 491 1554 ’Άρτιμις
512 1471 725 1555 ἀμφοτέροισιν
742 1470 874 1550 ἐπήκοος,
898 1470 917 1549 ἥ
939 1492 970 1530 τι
992 1470 1108 1549 λοχείης

400 1583 478 1654 μαῖα
500 1577 550 1636 καὶ
573 1580 722 1658 ἀργιννῶν
744 1574 905 1657 (ροισρόρος
926 1576 945 1653 ἡ
967 1573 1091 1636 σελάαιν.
1172 1654 1174 1656 ¹

151 1753 178 1778 ·.
209 1691 368 1766 coniungas
389 1690 407 1768 ἦ
431 1689 592 1773 φωσφόρος
614 1710 717 1771 neque,
731 1689 889 1769 quidquam
912 1700 1087 1749 commutare
1109 1689 1193 1761 velis,
1216 1709 1282 1747 cum

209 1794 258 1865 hic
280 1814 397 1873 quoqne
422 1796 573 1855 articulum
604 1797 688 1855 metri
718 1797 888 1855 necessitato
915 1797 1119 1874 transpositum
1142 1813 1204 1853 esse
1225 1804 1281 1853 sta·

210 1897 350 1959 tuendum
364 1903 409 1959 sit.
448 1901 525 1959 haud
552 1901 589 1961 ab
611 1922 643 1961 re
663 1901 734 1959 mihi
756 1920 818 1960 esse
832 1899 946 1959 videtur
965 1899 1022 1959 huc
1040 1900 1182 1959 adducere
1197 1901 1280 1958 Arati

209 2005 361 2085 phaenom.
390 2012 467 2068 1129
490 2026 568 2085 sqq.:

363 2108 441 2170 oliam
464 2110 513 2170 nal
536 2108 690 2192 προτέροις
711 2109 758 2169 ἐπὶ
781 2108 895 2188 σήμασι
917 2110 1080 2190 τεκμήραιο

363 2213 529 2293 ἓσσομέναιν
551 2213 669 2293 ἀνίμων
688 2212 708 2293 ἢ
727 2214 871 2293 χείματος
891 2212 911 2293 ἢ
934 2215 1031 2274 devoto

362 2319 456 2399 αὐτὴν
477 2317 496 2400 ἢ
515 2320 593 2399 μετὰ
614 2319 669 2400 τὴν
690 2317 709 2399 ἢ
730 2319 780 2379 καὶ
802 2317 946 2400 τριτάτην
968 2316 1010 2380 ἴτ’
1032 2315 1061 2391 ἐς
1083 2318 1137 2398 aa,

208 2443 259 2504 ubi
281 2454 396 2524 praeter
416 2448 607 2506 inversionem
629 2447 788 2527 particulae
802 2445 820 2523 ‘l
835 2444 1088 2505 animadvertenda
1105 2452 1148 2504 est
1168 2443 1281 2502 articuli

208 2557 239 2607 et
259 2553 436 2629 pronominis
459 2551 554 2630 αὐτήν
575 2554 688 2612 insueta
710 2552 878 2622 disiunctio,
905 2571 970 2609 cnm
992 2548 1080 2608 verba
1101 2568 1153 2628 per
1174 2549 1280 2628 hyper·

209 2654 298 2713 baton
320 2658 413 2734 posita
434 2657 491 2715 sint
512 2677 564 2736 pro
587 2653 607 2735 ἢ
628 2656 706 2735 μετὰ
728 2655 783 2735 τὴν
803 2654 907 2734 αὐτήν.
941 2663 1029 2734 atquc
1050 2655 1122 2712 haec
1144 2655 1280 2712 inusitata

207 2760 360 2820 verborum
382 2763 510 2820 traiectio
533 2781 566 2820 eo
591 2770 634 2820 est
655 2762 810 2838 insignior,
834 2760 913 2839 quod
936 2769 1035 2839 poeta,
1058 2779 1118 2818 non
1135 2766 1169 2816 ut
1189 2765 1280 2815 metro

207 2865 382 2939 subveniret,
398 2866 473 2924 hanc
487 2865 701 2925 collocationem
717 2864 849 2944 admisit;
872 2864 951 2924 salvo
975 2866 1051 2923 enim
1072 2872 1164 2922 metro
1185 2860 1281 2919 dicere

206 2971 302 3030 licuit:

337 3062 528 3153 ἢμετὰτὴν
550 3072 644 3151 αὐτὴν
665 3071 684 3153 ἢ
705 3073 755 3133 καὶ
778 3072 922 3154 τριτάτην
944 3069 985 3133 ἔτ)
1009 3071 1038 3143 ἒς
1059 3068 1143 3149 diist)

294 3323 314 3388 ¹)
331 3327 413 3375 Modo
432 3326 460 3374 id
478 3327 547 3389 quod
565 3325 702 3374 Kaibelius
720 3326 752 3373 de
770 3332 826 3373 arte
840 3324 948 3373 metrica
959 3321 1113 3371 Callimachi
1130 3319 1280 3368 observavit

206 3413 343 3475 (observat.
369 3416 425 3464 crit.
448 3415 476 3463 in
498 3415 570 3462 anth.
595 3412 736 3473 Graecam,
762 3412 789 3461 in
816 3420 954 3461 comment.
978 3408 1070 3472 philol.
1095 3409 1123 3456 in
1151 3408 1279 3454 honorem

207 3502 363 3551 Mommseni
378 3518 403 3565 p.
414 3500 474 3565 326)
486 3509 590 3565 poetam
606 3501 801 3550 accuratissime
814 3500 952 3561 studuisse,
970 3505 1000 3546 ut
1015 3496 1160 3545 hexametri
1179 3493 1279 3542 numeri

206 3591 345 3640 ‘sedatiore
363 3591 481 3653 ingressu
505 3590 592 3639 exorsi
616 3590 703 3638 eundo
721 3596 845 3651 tanquam
863 3594 1009 3636 crescentes
1029 3598 1128 3633 summa
1147 3582 1279 3631 celeritate

206 3679 306 3728 exitum
325 3675 458 3741 pecarent,
477 3679 603 3728 etiamad
622 3677 744 3738 Aratum,
760 3676 943 3740 politissimum
960 3687 1124 3722 numerorum
1144 3670 1279 3730 artificem,

207 3767 297 3816 referri
321 3773 422 3830 posset,
445 3781 526 3817 causa
550 3766 621 3816 illius
645 3765 806 3815 traiectionis
832 3765 860 3813 in
883 3768 974 3825 aperto
999 3775 1055 3809 esse
1081 3761 1219 3808 videretur.
1255 3757 1278 3804 si

185 3902 190 3911 ,
206 3857 277 3906 euim
295 3857 439 3918 simplicem
458 3863 484 3905 et
495 3857 643 3906 naturalem
655 3855 775 3903 ordinem
789 3861 868 3917 poeta
879 3856 984 3900 secutus
1002 3856 1079 3910 esset,
1095 3848 1182 3896 medio
1201 3858 1279 3893 versu

149 3946 153 3953 '
206 3947 259 3993 dno
278 3945 357 4006 pedes
378 3959 392 3993 e
410 3945 533 4008 spondeis
547 3943 684 4007 compositi
702 3956 759 3991 sese
775 3941 945 4004 excepissent,
964 3939 1008 4000 qui
1025 3950 1115 3986 versus
1134 3931 1279 3983 hexametri

177 4015 182 4021 ⁸
205 4034 354 4096 rhythmum
377 4034 455 4083 nimis
480 4033 664 4082 retardassent.
701 4032 748 4080 sed
772 4029 862 4093 regula
885 4028 942 4085 illa,
966 4040 1043 4088 quam
1061 4023 1196 4072 Kaibslius
1219 4034 1278 4082 pro-

206 4124 302 4185 posuit,
324 4124 427 4173 veritati
445 4137 499 4171 non
517 4121 581 4170 satis
600 4120 727 4183 congrait,
751 4133 811 4167 cuin
830 4117 869 4165 ‘ea
887 4116 945 4177 ipsa
962 4128 1084 4163 versuum
1101 4110 1186 4169 initia,
1209 4120 1278 4168 qnae
