3034 4675
1315 230 1780 293 —112—

779 402 906 465 vult
949 419 1132 463 curvo
1176 412 1414 474 turmae
1457 401 1606 478 felix
1647 423 1763 463 sua
1806 400 2140 464 comminus
2180 400 2321 474 ictu,

778 505 1065 571 Amnenii
1105 506 1232 568 dum
1271 508 1434 583 ferre
1477 505 1643 580 levis,
1685 506 1795 586 sol,
1838 516 1892 568 te
1935 525 2168 589 quoque
2202 504 2360 588 pila,

474 632 721 689 quorum
764 616 1073 676 verborum
1113 619 1408 676 structura
1447 615 1535 674 ita
1573 614 1853 675 solvenda
1894 630 2019 675 esse
2063 614 2296 674 videtur
2341 606 2621 674 ‘Armenii

483 722 631 781 levis
676 721 812 794 dux,
857 737 1035 781 curvo
1078 724 1306 782 turmae
1348 720 1469 781 ictu
1520 719 1683 797 felix,
1728 720 1852 794 pila
1890 735 1995 780 sua
2035 720 2352 780 comminus
2392 725 2470 796 te,
2517 722 2621 795 sol,

489 826 642 887 ferre
686 827 848 887 vult’.
935 831 1109 905 atque
1164 842 1346 900 aeque
1402 825 1684 901 impedita
1734 830 1824 884 est
1866 826 2220 885 constructio
2264 826 2325 883 in
2368 826 2625 885 eiusdem

477 932 756 992 carminis
800 950 894 992 vv.
944 930 1020 991 11
1068 948 1153 1006 sq.

817 1032 1052 1095 vincere
1077 1034 1340 1119 florenti
1379 1029 1660 1095 Latiale-3
1708 1029 2004 1094 Sarmata
2046 1032 2229 1094 ductu

819 1158 931 1201 rex
974 1136 1087 1200 tibi
1112 1160 1299 1222 posse
1351 1136 1540 1202 Getas
1574 1129 1712 1200 viso
1750 1137 1857 1199 dat
1903 1135 2110 1210 limite,
2153 1136 2338 1201 ultor.

486 1246 593 1305 hos
642 1261 842 1305 versus
887 1262 1015 1304 cum
1061 1245 1318 1306 Luciano
1369 1249 1655 1308 Muellero
1695 1248 1783 1305 ita
1826 1247 2081 1321 explices
2140 1246 2258 1305 ‘dat
2301 1244 2428 1317 tibi,
2475 1246 2632 1305 ultor

484 1351 723 1425 imperii
751 1351 1018 1426 Romani,
1057 1368 1162 1410 rex
1192 1352 1460 1413 Sarmata
1495 1353 1855 1413 occasionem
1883 1353 2044 1411 adito
2074 1352 2310 1411 ditionis
2339 1353 2633 1412 Romanae

483 1456 675 1515 limite
735 1456 1007 1516 vincendi
1061 1455 1293 1517 florenti
1355 1459 1533 1519 ductu
1599 1474 1706 1533 per
1779 1458 1994 1516 milites
2052 1457 2311 1516 Latiales
2370 1456 2632 1517 Gothos’.

487 1562 596 1621 sed
640 1563 789 1621 tales
834 1561 1244 1623 vocabulorum
1288 1563 1797 1637 transgressiones,
1844 1561 2050 1635 quibus
2090 1560 2435 1635 optatianus
2480 1562 2633 1621 solu-

486 1666 712 1726 tissime
769 1684 906 1727 usus
964 1674 1054 1727 est
1069 1713 1084 1743 ,
1145 1684 1182 1727 a
1231 1668 1488 1743 legitima
1546 1668 1789 1728 audacia
1829 1668 2057 1741 longius
2101 1666 2404 1726 discedunt
2446 1681 2631 1739 neque

492 1772 606 1831 nisi
651 1787 722 1830 ex
765 1773 958 1851 studio
1000 1773 1104 1832 illo
1150 1774 1408 1833 carmina
1451 1772 1700 1847 figurata
1729 1772 2016 1832 condendi
2067 1773 2331 1832 excusari
2375 1778 2635 1847 possunt.

487 1882 668 1951 atque
740 1878 1305 1938 commemorandum
1369 1885 1459 1938 est
1520 1879 1879 1953 exemplaria
1942 1877 2169 1938 Graeca
2231 1878 2292 1936 in
2357 1875 2639 1935 eiusmodi
2749 1945 2755 1950 ὓ

493 1980 716 2040 lusibus
762 1982 1004 2055 poeticis
1046 1984 1323 2043 maiorem
1367 1984 1479 2046 sibi
1523 1985 1825 2045 vindicare
1880 1989 2064 2042 artem
2081 2028 2097 2058 ,
2159 1982 2373 2056 quippe
2429 1980 2638 2054 quibus
2687 2014 2695 2020 -

495 2102 611 2145 non
657 2084 1104 2162 confugiendum
1150 2087 1332 2149 fuerit
1367 2087 1443 2148 ad
1489 2089 1707 2148 similes
1742 2086 2052 2149 verborum
2081 2087 2452 2147 traiectiones
2481 2083 2638 2145 diffi·
2720 2065 2728 2072 ⁶

490 2192 761 2253 cillimas.
2666 2215 2670 2217 ·

494 2489 545 2571 ἓ
600 2490 708 2569 10.
779 2491 884 2569 De
931 2488 1504 2592 participiorum
1561 2493 1637 2569 et
1682 2510 1872 2589 quae
1924 2487 2017 2566 ab
2070 2488 2233 2566 illis
2270 2491 2641 2587 reguntur

1047 2628 1580 2708 vocabulorum
1641 2626 2086 2729 hyperbato.

680 2825 742 2885 Si
785 2826 848 2884 in
875 2826 1074 2899 lingua
1105 2823 1332 2884 Graeca
1361 2825 1724 2885 substantivo
1753 2841 1881 2884 cum
1910 2822 2156 2882 articulo
2186 2822 2517 2889 adiunctum
2559 2828 2647 2881 est

507 2931 904 3005 participium,
945 2930 1056 2988 hoc
1100 2945 1274 3005 saepe
1314 2931 1716 3006 postponitur,
1764 2946 1893 2988 cum
1938 2945 2007 2987 ea
2048 2928 2328 2987 orationis
2369 2927 2646 3002 membra,

505 3052 653 3109 quae
705 3054 742 3096 a
801 3035 1111 3111 participio
1170 3035 1427 3109 pendent
1444 3082 1460 3112 ,
1530 3037 1685 3096 inter
1740 3034 2165 3095 substantivum
2223 3039 2283 3092 et
2338 3034 2649 3093 articulum
2748 3115 2752 3118 ῃ

504 3142 889 3201 intercedant.
983 3139 1059 3199 cf.
1106 3140 1286 3200 Thuc.
1332 3141 1362 3199 I
1411 3141 1486 3200 11
1536 3142 1642 3201 Sub
1687 3139 1784 3202 fin.
1830 3135 1929 3195 καὶ
1972 3142 2080 3194 τοῦ
2121 3142 2228 3193 νῦν
2271 3133 2405 3216 περὶ
2450 3135 2651 3194 αὐτῶν

507 3239 546 3298 ὃ
551 3240 612 3299 ιὰ
656 3242 795 3312 τοὺς
820 3242 1073 3319 ποιητὰς
1102 3240 1280 3324 λόγου
1306 3238 1762 3321 κατεσχηκότος.
1805 3245 2177 3319 participium
2205 3244 2511 3302 traiectum
2542 3251 2649 3313 est,

508 3356 574 3408 ut
603 3351 790 3409 oratio
825 3351 1167 3411 insolentior
1197 3358 1370 3424 atque
1400 3352 1510 3412 hac
1547 3352 1679 3426 ipsa
1703 3350 2018 3410 insolentia
2046 3348 2345 3413 sublimior
2376 3350 2651 3410 evaderet

505 3456 578 3513 et*
631 3455 928 3517 vocabulis
972 3473 1009 3515 a
1051 3458 1361 3531 participio
1422 3456 1717 3517 distractis
1777 3455 2037 3529 gravitas
2096 3456 2264 3514 simul
2328 3455 2651 3515 accederet.

510 3560 885 3634 Thucydides
949 3562 1182 3634 quidem
1251 3562 1403 3621 hanc
1461 3562 1902 3622 collocationem
1962 3561 2333 3620 vehementer
2387 3560 2652 3633 amabat3

508 3669 578 3724 ut
623 3664 684 3742 I,
725 3667 827 3740 90,
873 3663 906 3740 ἓ
954 3667 987 3725 1
1011 3712 1027 3742 ,
1095 3665 1256 3726 alias.
1360 3684 1392 3726 e
1448 3672 1752 3741 poetarum
1808 3681 2069 3725 sermone
2127 3663 2204 3728 cf.
2268 3665 2442 3739 Soph.
2501 3665 2657 3726 Phil.

516 3770 682 3830 1316
727 3787 813 3842 sq.
860 3776 918 3831 et
958 3771 1052 3830 El.
1105 3773 1262 3847 1843
1313 3771 1567 3833 Onesten
1609 3771 1769 3833 anth.
1814 3771 1941 3832 Pal.
1986 3772 2102 3831 VII
2148 3771 2291 3848 274,
2334 3770 2370 3828 3
2417 3788 2501 3845 sq.
2570 3772 2658 3829 in-

515 3891 689 3937 verso
734 3882 927 3935 autem
971 3876 1176 3936 ordine
1216 3877 1584 3950 participium
1617 3878 1710 3936 vel
1750 3877 1925 3936 etiam
1968 3875 2319 3935 adiectivum
2361 3872 2660 3950 participii

520 3979 744 4041 vicibus
788 3979 1036 4053 fungens
1075 3983 1325 4058 primum
1364 3983 1554 4042 locum
1598 3988 1861 4057 occupat,
1907 3982 2252 4055 interposito
2297 3981 2661 4042 substantivo

511 4087 744 4147 locatur
785 4087 953 4166 illud,
999 4088 1154 4161 quod
1196 4087 1529 4165 participi0,
1575 4087 1727 4147 unde
1772 4093 1972 4161 aptum
2014 4094 2122 4162 est,
2167 4094 2270 4147 aut
2309 4086 2661 4161 praecedere
