3034 4675
490 458 682 518 neque
725 458 954 498 omnem
999 438 1170 496 huius
1220 438 1508 498 artificiosi
1538 436 1757 524 positus
1789 437 2115 496 libertatem
2148 438 2449 496 Valilenus
2490 437 2529 495 l.
2576 456 2626 497 c.

491 566 548 625 p.
605 552 672 605 17
740 553 893 602 reete
938 541 1172 615 detexit,
1216 562 1346 601 cum
1392 542 1657 623 exempla
1696 543 1905 616 attulit,
1949 543 2161 621 quibus
2208 544 2470 623 apposita
2513 543 2629 601 ele-

490 659 694 726 ganter
737 648 1106 708 substantivis
1151 657 1284 728 sunt
1327 650 1542 707 inserta
1584 646 1727 727 (qua
1756 645 1829 707 de
1856 668 1921 707 re
1948 646 2082 707 vide
2113 646 2146 729 ξ
2176 655 2209 711 8
2243 648 2351 707 sub
2394 648 2627 730 finem)3

490 756 552 813 hi
609 764 803 814 autem
855 754 1000 827 loci,
1062 774 1413 832 quamquam
1471 772 1589 811 non
1638 751 1898 811 dissimili
1968 756 2302 813 traiectione
2356 755 2627 831 insigneS,

489 873 683 921 tamen
741 858 818 919 ad
878 859 1090 920 Catulli
1147 879 1375 918 versum
1441 861 1675 938 proprio
1734 858 1985 937 quodam
2052 867 2108 916 et.
2170 862 2385 918 rariore
2451 869 2631 918 trans-

490 967 789 1045 positionis
831 984 1045 1043 genere
1087 963 1417 1024 distinctum
1457 984 1578 1023 non
1618 963 1767 1024 bene
1808 964 2040 1022 faciunt.

794 1300 838 1382 ἓ
886 1298 994 1377 14.
1075 1248 1180 1379 De
1247 1293 1737 1378 collocatione
1801 1321 1991 1399 quae
2056 1300 2334 1379 dieitur

1209 1436 1508 1537 ὕστερον
1567 1436 1925 1537 πρότερον.

665 1662 948 1723 Rhetores
978 1662 1185 1722 Graeci
1232 1664 1380 1720 inter
1425 1662 1733 1741 hyperbati
1764 1681 1979 1739 genera
2013 1680 2342 1741 enumerari:-¹
2374 1663 2638 1719 solebant

500 1767 843 1848 ὑπερβατὸν
901 1764 962 1827 ἐν
1015 1766 1321 1848 πράγματι
1367 1768 1457 1827 vel
1503 1767 1565 1827 ἐν
1609 1768 1882 1847 νοήματι,
1946 1776 2003 1825 et
2044 1771 2394 1843 grammatici
2442 1767 2634 1823 Latini

493 1872 924 1948 distinguebant
946 1873 1528 1953 hyperbatispeciem,
1548 1894 1722 1953 quam
1740 1873 2181 1953 ‘prothysteron’
2199 1872 2290 1931 vel
2314 1871 2630 1951 *hysteron-

495 1979 784 2057 proteron’
829 1978 1111 2038 vocabant
1127 1979 1200 2060 1).
1290 1977 1392 2038 sed
1453 1979 1596 2037 haec
1648 1980 1832 2056 figura
1874 1987 2125 2037 nostram
2172 1998 2398 2036 causam
2446 1983 2634 2035 minus

493 2085 741 2161 attingit,
782 2105 912 2142 cum
956 2087 1016 2142 in
1061 2087 1237 2144 animi
1284 2085 1633 2159 cogitatione
1672 2094 1897 2143 tantum
1941 2082 2378 2162 explicationem
2426 2083 2634 2139 haheat

494 2201 549 2250 et
593 2190 897 2265 singularis
939 2192 1288 2249 traiectionis
1331 2190 1572 2249 audacia
1614 2190 1724 2248 hac
1766 2192 1827 2248 in
1866 2210 1928 2248 re
1964 2210 2083 2248 non
2114 2191 2187 2247 sit
2216 2187 2626 2263 cognoscenda.

490 2295 622 2381 vide
651 2281 930 2356 Lobeckii
959 2296 1304 2374 Paralipom.
1351 2304 1651 2374 grammat.
1695 2314 1936 2373 graecae
1977 2317 2035 2375 p.
2069 2302 2164 2357 64.
2226 2303 2414 2352 tamen
2462 2295 2630 2351 liuius

491 2404 735 2479 figurae,
798 2404 1072 2481 quoniam
1129 2403 1203 2461 ab
1266 2406 1651 2479 grammaticis
1712 2401 1784 2460 ad
1856 2400 2218 2481 hyperbaton
2286 2411 2370 2455 est
2430 2399 2630 2471 relata.

495 2511 1087 2567 commemorationem
1133 2509 1305 2588 plane
1349 2512 1614 2571 omittere
1656 2507 1943 2567 nolebam.
2016 2487 2238 2566 sedne
2280 2527 2630 2563 comtum-an-

491 2622 607 2671 tem
636 2633 729 2671 me
756 2614 945 2673 aliena
973 2634 1145 2673 causa
1175 2613 1393 2674 diutius
1436 2618 1697 2687 retineat,
1727 2614 2083 2694 paucissimis
2112 2611 2302 2670 verbis
2334 2611 2630 2687 defungar.

493 2717 755 2786 omnibus
799 2718 936 2777 locis
983 2719 1125 2778 illud
1171 2730 1257 2779 est
1300 2741 1619 2794 commune,
1666 2719 1823 2799 quod
1869 2739 1954 2792 ea,
2000 2708 2149 2797 quae
2191 2719 2454 2794 gravium
2498 2727 2630 2775 aunt

492 2834 548 2881 et
591 2823 902 2903 plurimum
944 2825 1015 2884 ad
1063 2831 1402 2886 sententiam
1447 2831 1657 2899 valent,
1705 2823 2073 2904 praecedunt,
2106 2842 2190 2894 ea,
2218 2842 2366 2901 quae
2394 2823 2630 2880 mineris

493 2938 626 2992 sunt
668 2932 957 3000 momenti,
1005 2937 1204 3008 postea
1259 2931 1707 3010 subsequuntur,
1754 2931 2016 3008 quamvis
2060 2932 2330 3006 temporis
2374 2940 2474 2984 aut
2522 2928 2622 2988 luci

491 3037 712 3093 ratione
774 3035 971 3093 habita
1039 3036 1201 3093 initio
1272 3038 1412 3114 poni
1472 3034 1793 3097 debuerint.
1903 3035 2057 3092 facili
2120 3036 2350 3109 negotiu
2418 3032 2626 3092 nubent·

491 3140 880 3222 exemplorum
924 3140 1192 3217 colligere
1234 3141 1448 3221 liquet3
1509 3141 1795 3199 sufficiant
1845 3139 1987 3197 haec
2031 3139 2201 3197 Hom.
2249 3136 2358 3196 od.
2406 3144 2458 3200 'V
2506 3148 2622 3200 ΞΜ

493 3245 651 3330 (vide
703 3245 956 3304 Schnorr
997 3265 1050 3302 v.
1099 3245 1415 3305 Carolsfeld
1478 3268 1533 3324 p.
1587 3251 1663 3306 84
1726 3245 1919 3324 sqq.),
1979 3243 2157 3323 Soph.
2204 3242 2273 3302 O.
2322 3248 2390 3304 lt.
2454 3252 2626 3312 luni.

492 3353 692 3432 Eur-ip.
741 3349 839 3409 Or.
890 3356 1007 3412 814
1055 3360 1199 3424 etc.3
1248 3352 1422 3427 Verg.
1466 3352 1617 3409 Aen.
1660 3355 1720 3412 II
1771 3355 1911 3422 353,
1959 3351 2100 3408 Hor.
2135 3358 2239 3407 sat.
2290 3356 2438 3420 113.
2474 3360 2622 3424 ’ΞἨς

491 3457 638 3515 Plat.
664 3476 784 3537 rep.
811 3462 893 3519 IV
924 3478 981 3535 p.
1004 3461 1119 3517 436
1150 3477 1200 3529 a,
1235 3457 1506 3534 Xenoph.
1538 3474 1707 3518 mem.
1732 3459 1826 3517 III
1860 3465 1914 3527 5,
1947 3462 2037 3515 10.
2079 3456 2298 3533 inspice
2330 3456 2626 3512 Huelineri

655 3715 714 3783 '¹)
750 3721 865 3768 Hoc
912 3720 1120 3768 schema
1168 3721 1386 3768 sortasse
1436 3719 1591 3768 etiam
1628 3719 1797 3767 Varro
1845 3716 2079 3778 intellegi
2118 3716 2314 3776 voluit,
2354 3732 2466 3764 cum
2506 3720 2634 3768 haec

491 3810 740 3861 scriberet
774 3810 831 3857 in
865 3816 962 3857 sat.
1003 3808 1233 3872 Menipp.
1275 3810 1354 3856 ed.
1391 3809 1586 3856 buech.
1634 3823 1682 3870 p.
1720 3808 1812 3858 167
1851 3808 1945 3867 frg.
1984 3807 2015 3855 6
2056 3822 2167 3854 nam
2200 3807 2254 3852 in
2294 3808 2506 3852 :erumnas
2542 3812 2634 3872 &effi

489 3891 616 3967 καθ’
671 3890 1015 3964 ὑπερβατὸνε
1070 3913 1131 3945 ne
1177 3899 1338 3952 dares,
1385 3913 1444 3946 ne
1471 3900 1746 3958 pollicem,
1794 3898 1923 3959 quod
1971 3898 2134 3944 datum
2180 3904 2263 3942 esc.
2326 3896 2454 3944 huet:
2493 3896 2626 3944 enim

488 3989 646 4036 verba
682 3987 933 4048 explicari
972 4002 1076 4034 non
1116 3994 1350 4048 possunt,
1388 3987 1489 4032 nisi
1520 3994 1721 4032 statuas
1745 3985 2035 4033 Varronem
2072 3983 2358 4031 naturalmn
2398 3984 2626 4032 ordinum

487 4075 561 4122 ita.
599 4077 937 4124 constitutum
977 4074 1240 4136 flagitasse
1280 4077 1362 4121 ‘ne
1400 4073 1685 4133 polliceres,
1724 4088 1789 4122 ne
1824 4075 1991 4137 dares,
2026 4074 2163 4135 quod
2202 4073 2374 4120 datum
2414 4076 2522 4120 θεὴ-Ε.

2193 4158 2290 4211 12*
