3034 4675
650 293 885 356 -134-

841 457 908 521 ἀλλ’
930 460 945 521 ὅ
967 458 1022 539 μέν
1044 460 1102 541 ήδη

347 556 525 650 γηράσκοντ’
544 559 647 628 Ἀλεὸν
668 561 763 628 λίπετ’
785 563 839 645 ἀμ’
858 565 945 627 πόλιν
966 564 1048 648 ὄφρα
1069 565 1193 645 κομίζοι,

236 690 287 751 ubi
309 710 414 750 nomen
433 690 489 748 viri
517 690 625 749 maiore
654 708 718 748 cum
748 686 877 765 pondere
896 687 1051 764 praeeedit.
1095 690 1130 748 oi.
1154 689 1256 769 hymni
1277 692 1308 749 in

235 795 385 868 Cererem,
413 795 494 853 cuius
515 792 684 852 Athenaeus
707 797 749 856 VI
774 798 860 855 2530
887 796 1061 853 mentionem
1090 796 1158 853 facit
1187 794 1308 875 (Bergk.

235 911 312 982 poet
336 899 392 979 lyr.
415 900 492 958 inter
512 917 597 957 earm.
621 898 720 977 popul.
745 898 799 980 46)
821 918 921 958 versus
945 907 961 962 5
985 920 1028 979 sq.

319 1022 361 1101 χή
383 1018 439 1099 μέν
461 1020 513 1100 (so.
537 1017 700 1102 Δημήτηρ)
723 1020 762 1081 τὰ
784 1021 880 1100 σεμνὰ
901 1029 956 1101 τής
977 1020 1083 1104 Κόρης
1103 1023 1255 1105 μυστήρια

323 1122 430 1209 ἔρχεθ’
451 1124 504 1185 ἵνα
525 1123 648 1208 ποιήσῃ.

237 1250 371 1311 subtilius
392 1256 495 1327 poetae
517 1233 675 1308 eonsilium¹
690 1252 817 1310 cernitur
838 1250 928 1309 Arist.
950 1250 1039 1328 Vesp.
1066 1256 1125 1313 859
1147 1271 1211 1331 sqq.

949 1371 1106 1455 ἐγράψατο

441 1476 521 1536 κάοιν
542 1475 782 1555 Κυδαθηναιεὺς
800 1474 931 1557 Λάβητ’
947 1471 1096 1551 Ἀἶξιωνιά

440 1582 494 1643 τδν
515 1582 605 1664 τορὸν
627 1580 741 1642 ἀδικεῖν
763 1580 809 1642 ὅτι
830 1581 921 1661 μόνος
940 1583 1107 1663 κατήσθιεν

441 1688 494 1748 τάν
515 1685 678 1747 Σικελικόν.
889 1693 893 1704 ’

236 1814 413 1873 aoeusetivus
435 1811 488 1871 τὸν
509 1805 600 1893 τυρόν
620 1813 661 1869 ita
682 1812 874 1886 transpositus
894 1819 938 1869 est
957 1821 1026 1871 ante
1047 1813 1167 1874 verbum
1185 1813 1309 1888 ἀδικεῖν,

237 1917 316 1977 unde
337 1920 479 1977 sententis
500 1936 553 1994 per
573 1915 706 1993 copulam
721 1913 768 1974 ὅτι
790 1914 1053 1992 incohata'pendet,
1076 1928 1109 1978 ut
1129 1922 1221 1996 primo
1243 1939 1311 1980 eon·

238 2033 338 2101 speetu
366 2021 404 2081 ad
429 2021 501 2082 illud
532 2019 698 2080 referendus
721 2040 784 2080 esse
811 2019 958 2097 videatur3
989 2032 1085 2082 tamen
1114 2023 1228 2084 ἀδικεῖν
1255 2025 1310 2084 hoo

126 2195 129 2202 ,
237 2130 299 2189 loeo
327 2127 460 2188 absolute
488 2130 613 2204 positum
641 2135 730 2206 atqm
758 2124 811 2185 τὸν
839 2124 930 2207 τυρόν
958 2149 1023 2188 eum
1051 2128 1219 2208 κατήσθιεν
1244 2149 1311 2190 con·

152 2313 154 2318 γ
238 2232 414 2311 iungendum
447 2241 498 2292 est.
543 2252 602 2312 qua
632 2231 786 2292 verborum
819 2234 893 2291 serie
924 2232 1076 2294 ridiculum
1108 2233 1195 2308 illud,
1232 2233 1311 2314 quod
1335 2247 1343 2272 “·

239 2344 380 2400 sententia
409 2360 462 2416 per
490 2359 520 2399 se
549 2339 610 2399 sola
638 2341 782 2411 eontinet,
818 2338 917 2418 aliquo
953 2338 1038 2399 modo
1074 2351 1204 2418 nugetur.
1251 2361 1311 2401 non

238 2465 296 2505 uno
317 2453 415 2503 autem
436 2446 553 2504 nomine
566 2442 755 2503 audacissima
771 2452 815 2503 est
828 2444 1031 2505 vocabulorum
1048 2445 1205 2522 dispositio,
1221 2466 1311 2527 quam

238 2549 431 2612 Caffimaohus
451 2549 572 2609 adscivit
592 2550 646 2627 fig.
670 2555 730 2611 306

365 2688 409 2768 μή
431 2710 469 2767 με
492 2687 544 2748 τὸν
565 2685 595 2748 ἐν
618 2685 745 2747 Λιοδῶνι
768 2683 845 2767 λέγοι
866 2686 958 2765 μόνον
980 2688 1085 2749 οὕνεκα
1103 2689 1217 2769 χάλκον

366 2795 491 2876 ήγειρον,
606 2850 609 2857 .

126 2920 137 3007 κ’
241 2938 299 2997 quo
321 2918 384 2977 loeo
408 2926 437 2975 et
458 2915 628 2976 attributum
650 2925 678 2975 et
700 2916 912 2976 substantivum
934 2917 989 2974 hoe
1013 2919 1186 2977 traiectionis
1207 2935 1314 2994 genere

240 3022 382 3083 disiuncta
411 3031 486 3081 sunt.
530 3040 568 3080 ex
589 3020 626 3081 G.
650 3021 813 3080 Hermanni
842 3022 985 3080 sententie
1011 3024 1096 3080 etiam
1117 3020 1313 3097 praedicatum

240 3126 428 3186 secundariae
449 3128 654 3185 enuntiationis
675 3127 880 3201 transpositum
903 3144 965 3184 esse
986 3136 1057 3202 puto
1083 3129 1113 3185 in
1138 3129 1312 3203 primariam,

241 3235 281 3291 ita
303 3242 336 3291 ut
356 3231 392 3290 ad
417 3233 478 3292 eius
499 3230 642 3291 obiectum
664 3233 702 3289 sit
722 3230 907 3306 applicatum,
930 3231 1036 3290 Aesch.
1059 3232 1137 3307 Sept.
1168 3239 1201 3294 19
1222 3237 1269 3312 sq.

445 3368 595 3455 ἐθρέψατ’
619 3371 791 3454 οῗκιστήρας
812 3370 1036 3455 ἀσπιδηφόρους

445 3476 568 3549 πίστοος
590 3475 670 3550 ὅπως
691 3475 828 3558 γένοισθε
849 3476 924 3558 πρὸς
941 3477 1030 3559 χρέος
1052 3478 1132 3557 τόδε,

240 3625 259 3680 i.
276 3640 301 3680 e.
318 3620 398 3691 ὅπως
419 3618 556 3701 γένοισθε
578 3620 678 3682 πιστοὶ
700 3620 776 3701 πρὸς
793 3617 882 3700 χρέος
904 3619 981 3681 τόδε.
1016 3623 1183 3702 obloquitur
1196 3620 1314 3701 quidem

241 3726 430 3786 Lehmannus
452 3748 480 3802 p.
504 3733 554 3800 27,
578 3729 624 3785 eui
646 3726 779 3785 nonnulli
799 3724 924 3785 editores
949 3726 1170 3804 adstipulantur.
1213 3746 1314 3786 verum

241 3831 312 3890 mihi
345 3831 483 3907 probatur
512 3833 672 3892 Hermanni
706 3833 804 3910 opinio
843 3842 872 3891 et
899 3831 1027 3892 Plautini
1061 3833 1223 3909 complures
1259 3832 1314 3891 loci

242 3947 300 3996 tam
322 3939 473 4015 insigniter
490 3937 654 4015 Aeschyleo
677 3938 868 4008 conveniunt,
898 3947 932 3997 ut
960 3938 1035 3997 hane
1062 3929 1314 4015 transpositionem

241 4045 310 4102 satis
340 4043 509 4103 confirmare
541 4041 709 4117 videantur3
739 4043 830 4101 Poen.
847 4048 878 4106 11
906 4050 932 4117 1,
960 4052 976 4104 5
1010 4065 1063 4107 nee
1090 4044 1183 4129 potui
1214 4055 1315 4107 temere

239 4149 413 4231 propitiam
461 4147 609 4211 Venerem
659 4150 759 4224 faeere
803 4148 849 4210 uti
895 4158 969 4211 esset
1011 4149 1102 4225 miti,
1147 4146 1235 4224 Epid.
1273 4151 1314 4209 IV
