3034 4675
638 312 870 374 -155-

218 478 400 540 maeoniam
426 484 476 554 aa,
506 441 551 552 12}
581 478 649 540 Tib.
671 484 701 543 ιι
726 485 753 552 a,
782 485 835 552 14,
856 480 980 560 Priapoa
1003 487 1053 553 ιι,
1074 486 1110 555 ι;
1139 479 1212 540 Hor.
1235 488 1288 539 aas
1373 459 1376 466 ’

218 589 301 658 113,
325 589 383 646 211

111 699 114 704 ⁴
371 689 458 752 Aina
479 713 547 753 com
569 691 735 753 immeritos
758 690 876 765 oceidit,
899 690 1021 773 desipit,
1043 709 1148 773 opaea,

202 817 272 869 isat.
294 812 325 871 II
352 815 376 882 l,
402 815 439 871 60

458 915 595 999 quinquis
616 913 673 976 erit
694 913 783 987 vitoe,
806 912 949 989 scribom,
972 914 1064 980 color.

219 1030 270 1091 sed
293 1052 366 1112 opus
388 1043 447 1106 est,
472 1042 505 1092 ut
526 1052 639 1092 oausam
662 1034 806 1112 aperiam,
837 1051 888 1090 cur
909 1031 1065 1091 insolenter
1086 1040 1188 1113 poetae
1208 1030 1289 1111 loqui

219 1137 373 1196 maluerint
401 1157 487 1217 quam
516 1146 651 1198 consueto
681 1156 768 1195 more.
813 1154 852 1193 ne
880 1139 965 1196 nimis
995 1136 1081 1215 longe
1112 1139 1310 1216 exspatiatur·

218 1241 382 1324 disputatio,
406 1264 496 1303 unum
518 1241 682 1322 exemplum
696 1240 734 1300 ad
748 1250 844 1322 partes
857 1240 976 1306 vocabo
1004 1251 1092 1322 atque
1105 1242 1205 1301 ultimo
1226 1242 1289 1301 loco

220 1348 380 1407 Horatiano
402 1336 461 1407 non
483 1345 546 1408 sino
567 1350 636 1407 artis
650 1347 769 1406 consilio
788 1354 902 1427 poetam
917 1348 1050 1406 usitatam
1066 1349 1201 1406 orationis
1222 1367 1289 1406 con-

217 1455 417 1514 formationem
439 1451 635 1552 repudiasse
627 1473 684 1511 iarn
713 1450 782 1511 inde
805 1460 1029 1512 consentaneum
1057 1461 1114 1525 est,
1141 1450 1220 1532 quod
1249 1455 1290 1511 ita

218 1578 332 1620 versum
360 1579 428 1619 cons
429 1561 532 1618 tituere
561 1547 658 1638 potuit
684 1557 832 1631 scribam,
863 1558 993 1636 quisquis
1020 1560 1075 1617 erit
1095 1547 1171 1618 vitae
1192 1558 1289 1622 eolor’.

219 1664 379 1745 hyperbato
410 1673 460 1723 aut
461 1683 506 1723 em
535 1664 656 1723 alacrior
677 1671 706 1758 et
730 1660 855 1721 vividior
872 1662 947 1721 facta
969 1670 1013 1722 est
1032 1666 1123 1722 oratio
1145 1683 1180 1722 ae
1200 1663 1288 1723 verbo

220 1770 358 1830 ‘scribam’
382 1772 540 1851 postposito
563 1779 592 1828 et
615 1771 745 1850 proxime
774 1786 920 1828 caesuram
941 1769 1082 1847 sequenti
1097 1771 1223 1827 maxima
1243 1788 1289 1828 ao·

218 1879 320 1935 erescit
347 1878 405 1952 vis3
434 1873 541 1934 deinde
569 1877 686 1934 metrica
713 1892 832 1953 quoque
859 1874 968 1932 ratione
996 1872 1105 1933 hanct
1093 1876 1193 1933 traieot
1194 1876 1288 1933 ionem

219 1971 418 2063 explicandam
443 2001 505 2041 esso
534 2000 651 2054 censeo,
687 1978 765 2058 quod
793 1997 809 2037 e
837 1979 1005 2038 Latinorum
1035 1987 1185 2059 poetarum
1210 1979 1290 2037 more
1332 2039 1334 2048 χ

218 2107 318 2147 versus
345 2108 363 2146 a
391 2086 507 2166 daatylo
535 2088 662 2165 incipere
689 2083 801 2143 solebat
823 2082 902 2165 (vide
922 2084 1117 2162 Hultgrenum
1139 2085 1170 2143 in
1190 2085 1288 2143 annal

217 2193 289 2274 phil.
319 2177 396 2255 18'73
413 2213 441 2271 p.
464 2189 644 2271 758sq.)1).
683 2189 816 2270 exempla
836 2189 924 2248 allata
944 2199 1061 2250 tuentur
1081 2190 1127 2248 vel
1149 2197 1289 2249 renuente

218 2298 350 2360 Bentleio
382 2296 535 2357 verborum
575 2297 831 2368 constructionem,
865 2315 923 2375 qua
955 2294 1087 2356 nonnulli
1119 2298 1288 2377 interpretes

217 2406 390 2465 sententiam
412 2401 602 2482 expedierunt
623 2403 654 2461 in
675 2397 776 2460 eodem
799 2401 921 2460 Horatio
943 2400 1029 2481 epod.
1054 2408 1098 2475 16,
1127 2408 1162 2465 15

324 2529 402 2603 forte
423 2524 498 2608 quid
518 2524 661 2608 capediot
683 2522 882 2586 communiter·
903 2533 956 2585 oio
977 2523 1084 2586 melior
1103 2546 1182 2607 para

365 2677 368 2683 .
465 2629 554 2692 malis
576 2649 681 2691 carere
702 2628 849 2713 quaesitio
871 2628 1036 2692 laboribus.

218 2751 255 2812 ad
279 2753 356 2812 hunc
378 2754 454 2812 enim
476 2750 593 2810 modurn
607 2750 746 2810 vocabula
766 2751 936 2811 ordinarunt
958 2753 1040 2811 ‘forte
1054 2752 1192 2832 quaeritis
1213 2769 1288 2809 com·

219 2861 346 2919 munitor
366 2867 417 2917 aut
438 2857 539 2916 melior
559 2876 635 2934 pars,
651 2855 722 2935 quid
744 2856 881 2935 expediat
900 2876 996 2916 carere
1018 2857 1101 2916 malis
1122 2854 1287 2915 laboribus’.

219 2973 307 3043 atque
337 2963 489 3024 verborum
517 2963 646 3021 traiectio
675 2963 725 3019 vix
754 2972 872 3040 superat
907 2962 1062 3021 confinium
1092 2961 1288 3040 exemplorum

219 3068 383 3143 audaciam
413 3078 510 3127 tamen
536 3087 626 3126 unum
654 3064 726 3125 illud
760 3067 912 3145 ‘expediat’
942 3068 999 3126 alio
1026 3086 1113 3126 sensu
1139 3085 1174 3125 ae
1202 3065 1288 3142 vulgo

218 3175 251 3233 fit
269 3181 438 3253 usurpatum
453 3192 513 3232 non
535 3187 648 3231 omnem
663 3166 792 3230 removet
804 3175 866 3232 vitii
886 3175 1086 3252 suspicionem.
1120 3173 1289 3252 praesertim

304 3443 324 3509 ¹)
342 3447 373 3496 In
392 3445 495 3495 Horatii
514 3458 591 3494 versu
609 3452 657 3495 sat.
678 3445 706 3494 11
729 3447 753 3507 5,
775 3445 807 3496 59

422 3567 435 3601 o
452 3553 588 3615 twaede,
606 3519 726 3615 quidquid
740 3552 818 3599 di'oam
835 3558 878 3599 out
895 3552 941 3601 erit
957 3559 1000 3599 aut
1016 3565 1064 3600 non

217 3657 327 3705 multum
346 3657 463 3706 homines
483 3657 553 3706 docti
576 3657 735 3706 laborarunt.
771 3657 817 3705 sed
836 3655 888 3703 loci
906 3655 1053 3704 difficillimi
1070 3649 1230 3704 mentionem
1247 3655 1286 3705 in·

218 3745 301 3794 iciens
319 3760 372 3794 non
391 3741 420 3795 id
438 3760 508 3795 nunc
526 3759 584 3808 ago,
602 3753 631 3793 nt
649 3753 786 3794 retractem
804 3751 885 3792 totam
904 3746 937 3793 de
956 3745 997 3793 his
1009 3745 1094 3794 verbis
1112 3744 1190 3793 latam
1209 3757 1288 3806 qnae·

218 3833 336 3883 ationem.
373 3833 501 3896 adscripsi
522 3840 608 3883 autem
633 3835 799 3892 versiculum,
824 3841 854 3881 ut
875 3847 1074 3883 commemorem
1092 3832 1207 3881 Turnebi
1230 3846 1289 3882 sen·

168 3968 174 3977 ,
218 3922 327 3969 tentiam
345 3919 461 3984 Reisigio
477 3921 545 3985 (Lat.
564 3921 695 3984 Sprachw.
714 3919 805 3988 gito)
820 3921 964 3984 probatam,
983 3922 1027 3984 qui
1044 3923 1114 3970 hunc
1132 3934 1189 3969 esse
1206 3920 1289 3968 voluit

218 4011 362 4060 sententiae
380 4010 499 4059 ordinem
517 4008 610 4059 ‘dicam
629 4012 756 4073 quidquid
776 4011 825 4059 erit
845 4018 961 4060 autnon
979 4006 1044 4058 erit'.
1080 4005 1200 4072 specioso
1223 4023 1286 4057 sane

218 4098 405 4161 interpretatio,
423 4100 466 4149 cui
484 4114 537 4149 nou
554 4100 646 4148 obesse
663 4100 848 4148 vocabulorum
868 4099 1066 4148 collocationem
1087 4099 1206 4160 equidem
1227 4112 1284 4160 per·

218 4201 322 4235 suasum
340 4188 431 4236 habeo.
