3034 4675
633 291 845 354 ..74-

201 459 373 521 attrIbutum
395 461 477 521 elteri
499 462 626 522 membro
648 464 837 539 praemissum
858 469 902 520 est
922 461 1011 538 Soph.
1034 460 1070 522 Ο.
1092 462 1124 524 Ο.
1144 468 1224 525 1399

400 563 479 645 οἴμοι
501 565 648 627 κελεύθου
669 574 723 646 τῆς
745 562 778 626 τ’
802 565 875 645 ἐμῆς
894 565 1087 648 δυσπραξίας.

205 672 243 730 of.
268 672 331 736 Oet.
356 678 405 746 56,
427 679 454 745 2,
478 671 531 733 Ov.
555 682 621 739 met,
643 674 660 732 Ι
683 678 760 747 5593
783 672 907 732 Theoor.
930 672 1027 733 XXII
1047 679 1086 736 25

321 768 480 860 Κάστορος
501 774 521 856 ἢ
545 774 667 858 πρώτου
687 776 895 850 Πολυδεύκεος
917 770 1021 861 δρξομ’
1044 776 1163 853 ἀείδειν,

202 890 235 940 et
263 882 360 942 XXII
389 888 438 945 68.
479 881 546 941 vide
572 883 751 943 Meinekium
780 882 818 941 ed
846 884 969 944 Theoer.
998 884 1060 944 XV
1091 890 1148 957 79,
1178 883 1277 942 Nonni

206 986 335 1066 Dionys,
356 988 386 1047 V
405 994 465 1050 215

316 1100 433 1173 πρῶτος
457 1090 633 1176 Ἀρισταῖος,
657 1092 775 1172 Νόμιος
797 1094 847 1153 καί
869 1092 1023 1172 ἐπώνυμος
1044 1090 1174 1174 Ἀγρετίς.

203 1197 338 1258 eImiliter
358 1207 523 1274 comparata
544 1208 611 1258 sunt
633 1198 690 1260 duo
712 1200 845 1276 exemplu
867 1199 981 1260 Coluth.
1004 1221 1030 1258 v.
1056 1206 1095 1262 53

381 1304 432 1364 καί
451 1304 544 1386 πυρὸς
565 1302 723 1383 ἀσβέστοιο
744 1304 795 1364 καὶ
818 1304 959 1386 ἰθυντῆρι
981 1302 1105 1385 σιδήρου

206 1419 237 1467 et
259 1409 375 1468 Tullius
394 1410 510 1469 Laurea
531 1410 610 1472 anth.
633 1410 696 1469 Pal.
719 1411 782 1470 VII
805 1416 875 1484 294,
900 1416 917 1472 2

439 1515 492 1575 τδν
514 1514 683 1597 ἀγκίστροις
705 1515 754 1575 καὶ
776 1512 922 1596 μογέοντα
944 1514 1043 1588 λίνοις,

203 1620 313 1699 quibus
334 1621 514 1695 Lobeokius,
537 1621 722 1698 pathologiae
742 1624 881 1680 sermonis
906 1621 1012 1681 Graeci
1033 1620 1142 1697 proleg.
1164 1640 1194 1696 p.
1222 1625 1278 1682 185

204 1728 323 1785 tertium
345 1746 382 1786 ex
404 1729 567 1787 oonieoture
589 1706 714 1800 eddidit,
743 1726 874 1787 Leeohee
894 1746 931 1786 ex
953 1723 1046 1786 Iliade
1070 1746 1158 1802 parve
1179 1728 1234 1804 frg.
1260 1731 1278 1787 6

207 1854 236 1911 p.
255 1839 291 1893 41
309 1852 351 1912 sq.
375 1831 496 1895 Kinkel.
520 1835 559 1890 ita
580 1834 755 1892 constituens

359 1926 499 2014 ἄμπελον,
521 1935 558 2016 ἣν
576 1936 730 2019 Κρονίδης
752 1933 855 2020 ἔπορεν
877 1934 904 1997 οἳ
926 1936 1033 2007 υαιδδς
1053 1923 1161 1993 δίποινα

357 2042 500 2124 χρυσείην
521 2042 684 2124 φύλλοισιν,
707 2040 826 2103 ίανδίσι
848 2042 899 2102 καὶ
920 2039 1078 2119 κομίωσαν

359 2145 504 2231 βότρυσιν

206 2254 253 2312 vel
275 2250 329 2332 ἅμ’
350 2242 458 2315 ἷίνδεσι
480 2254 530 2313 καί
553 2276 580 2314 κ.
602 2256 653 2332 β.,
684 2252 823 2313 ‘similiter
846 2263 879 2314 ut
906 2256 938 2312 iu
957 2252 1073 2312 Alcinoi
1094 2250 1185 2309 hortis
1205 2266 1279 2307 uvae

205 2360 294 2420 etmul
307 2369 510 2435 maturescunt,
520 2360 611 2441 'simul
627 2356 762 2442 ὄμφακές
777 2360 850 2420 εἰσιν
870 2348 966 2431 duduc
987 2357 1142 2441 ἀφιεῖσαί.
1174 2373 1281 2414 nomen

205 2465 426 2541 substentIvum,
447 2466 527 2546 quod
548 2465 584 2526 ed
607 2474 697 2526 totum
719 2467 891 2525 sententiam
911 2466 1021 2525 maiore
1040 2465 1131 2523 utitur
1151 2458 1281 2538 pondere

208 2674 368 2737 membrum
397 2679 513 2754 ineIpit,
541 2686 610 2735 oum·
636 2681 748 2735 σιτίοισι
777 2677 807 2733 in
829 2678 1028 2752 prioreparte
1049 2673 1144 2733 adhue
1165 2691 1281 2749 exspec-

206 2785 318 2842 tatione
337 2781 477 2859 pendeat,
508 2802 583 2862 quae
611 2783 771 2857 posteriore
793 2772 909 2840 demum
936 2768 1103 2856 eompletur.
1148 2776 1282 2854 exempla

209 2896 280 2948 eunt
301 2886 390 2965 Soph.
412 2887 459 2946 El.
483 2892 542 2950 929
566 2897 594 2948 et
615 2887 738 2946 Theoor.
760 2888 836 2949 195

375 2984 456 3071 ἦνθε(
474 3014 506 3073 γε
527 2992 590 3070 μὰν
611 2991 698 3052 ἁδεῖα
720 2992 770 3051 καί
792 2991 812 3050 ιλ
833 2990 956 3073 Κύπρις
976 2992 1127 3070 γελαοῖσα.

195 3100 267 3184 ¹ium
295 3096 439 3158 Pindarus
467 3096 693 3173 substantivum,
723 3097 801 3174 quod
829 3095 942 3157 duobus
971 3093 1106 3154 membris
1130 3114 1282 3154 commune

207 3212 262 3276 est,
286 3205 316 3262 in
339 3207 480 3281 principio
505 3204 623 3265 secundi
646 3201 762 3264 demum
783 3202 941 3274 collocavit,
964 3219 1023 3280 quo
1044 3201 1135 3277 mugit
1156 3199 1281 3259 eluceret

208 3316 241 3367 et
263 3307 425 3370 auditorum
447 3312 558 3369 animos
582 3308 752 3381 adverteret,
775 3306 864 3385 Pyth.
888 3307 934 3366 IV
957 3310 1062 3383 eosq.

296 3409 366 3473 οὐδ’
389 3412 526 3494 ἀπίθησέ
545 3439 599 3491 νιν,
623 3409 694 3473 ἀλλ’
716 3399 796 3494 ἥρως
818 3407 863 3469 ἐπ’
886 3411 1024 3469 ἀκταῖσιν
1044 3409 1172 3493 θορὼν

292 3517 375 3600 χειρί
392 3517 420 3580 οἱ
439 3515 515 3600 χεῖρ’
538 3518 721 3602 ἀντερείσαις
742 3513 849 3588 δίξατο
868 3513 995 3593 βώλακα
1017 3512 1185 3594 δαιμονίαν.

206 3643 226 3683 e
248 3623 349 3683 litteris
370 3624 482 3685 LetInis
504 3626 539 3685 of.
563 3627 626 3686 Oet.
651 3630 700 3696 64,
723 3628 794 3695 336,
817 3621 885 3681 Tib.
909 3626 924 3682 I
947 3628 975 3694 4,
1001 3625 1075 3699 2eq.

311 3751 384 3792 uam
406 3731 503 3806 fuerit
520 3732 687 3816 quicunque
711 3728 835 3813 ίοσιιου,
858 3726 885 3789 ie
907 3726 1054 3808 sanquine
1076 3735 1194 3799 nutum,

398 3835 425 3897 τε
454 3832 599 3896 Venerem
621 3854 636 3894 e
655 3835 769 3919 rapido
792 3833 896 3897 sentiet
918 3853 980 3894 esse
1002 3830 1093 3896 αιαυὶ.

205 3948 238 4000 et
258 3942 320 4016 ipse
340 3958 423 3999 casus
444 3941 589 3998 vocativus
611 3938 814 3999 eodemmodo
828 3938 912 3997 elteri
925 3935 1054 3996 membro
1069 3943 1112 3994 est
1125 3933 1281 4019 adiunctus

92 4088 94 4091 -
206 4046 297 4122 Prop,
319 4049 362 4108 IV
388 4051 434 4118 11,
458 4051 494 4106 71

361 4159 393 4213 at
414 4161 446 4213 tu
469 4150 529 4212 eive
547 4161 632 4233 petes
652 4158 763 4231 portus
785 4170 847 4223 seu,
870 4148 982 4229 navita,
1005 4145 1129 4230 linquet.
