3034 4675
668 282 882 346 ,57-

238 455 291 516 ubi
321 453 490 516 adverbium
519 455 667 533 ‘quamvis'
698 452 736 511 ad
768 451 940 512 adiectirum
975 452 1071 530 ‘longi’
1105 461 1224 531 spectat.
1276 456 1308 512 in

238 561 302 622 Mil.
324 561 364 639 gl.
387 561 435 619 HI
459 568 484 633 1,
512 565 547 619 15

288 666 398 730 aeratis
408 666 477 728 ltine
485 675 665 748 prospectus
677 686 769 749 traque
781 665 824 728 ad
833 666 1000 729 altimamst
1006 663 1145 746 plateam
1152 664 1262 746 prode,

239 792 358 869 ‘probe',
388 789 465 870 quod
494 789 569 849 idem
599 790 660 848 fere
687 799 731 849 est
756 810 800 848 ac
813 790 916 871 ‘plane'
941 798 970 848 et
991 786 1164 847 adiectivum
1186 790 1310 849 ‘sterilis'

238 900 398 957 accuratius
429 895 544 968 definit,
575 897 606 953 in
634 913 748 956 versum
776 904 937 957 extremum
958 895 1163 973 transpositum
1189 903 1246 967 est,
1278 904 1312 954 ut

239 1004 331 1081 magis
352 1003 516 1077 efferretur3
540 999 659 1075 accedit,
681 999 761 1080 quod
780 1001 900 1059 Plautus
920 998 1089 1058 adverbium
1111 1020 1128 1058 a
1149 999 1237 1060 verbo
1258 1009 1310 1059 aut
1403 1007 1405 1016 '

238 1107 379 1167 adiectivo
394 1110 554 1167 seiunctum
569 1109 600 1165 in
614 1106 715 1165 ultimo
728 1117 814 1165 versu
827 1125 935 1186 ponere
956 1115 1033 1164 amat
1055 1104 1103 1185 (cl.
1119 1106 1251 1165 Brixiam
1271 1105 1310 1164 ad

239 1215 322 1272 Trin.
339 1213 424 1295 465).
457 1211 530 1271 illud
545 1231 661 1291 quoque
682 1211 839 1291 hyperbati
858 1231 950 1288 genus
971 1232 989 1271 a
1010 1223 1160 1293 poetarum
1182 1218 1313 1298 oratione

238 1339 298 1377 non
318 1318 468 1392 abhorret,
491 1317 570 1398 quod
597 1316 766 1377 adverbium
787 1326 855 1375 ante
875 1317 1047 1377 vocabulum
1071 1320 1190 1399 aliquod
1213 1321 1308 1380 locum

240 1423 342 1492 habet,
366 1444 489 1503 quocum
510 1426 576 1503 quis
603 1431 769 1482 construere
790 1425 895 1502 possit,
927 1427 1057 1502 quemvis
1078 1424 1166 1484 verbo
1186 1434 1237 1484 ant
1256 1423 1308 1483 ad·

241 1531 341 1589 iectivo
370 1527 582 1588 adnectendum
611 1531 648 1588 sit
674 1529 804 1605 longiore
833 1529 983 1588 intervallo
1006 1528 1149 1590 distracto.
1194 1530 1311 1610 quade

240 1653 272 1693 re
293 1633 446 1700 cf.,Plaut.
469 1633 576 1715 Amph.
597 1636 630 1694 H
652 1640 680 1707 2,
708 1641 745 1698 15

352 1739 437 1803 oolla
456 1762 506 1803 rea
528 1751 592 1803 tam
612 1739 771 1803 delirantis
793 1738 923 1803 dominia
946 1740 1194 1820 toamnasarim,
1303 1773 1305 1782 ¹

238 1844 289 1904 ubi
319 1843 395 1904 ‘tam’
427 1844 464 1904 ad
494 1845 579 1919 ‘cito’‚
608 1864 668 1903 non
695 1844 733 1902 ad
762 1844 927 1926 ‘delirantis’
956 1855 999 1904 est
1019 1845 1211 1907 referendum.
1252 1848 1311 1906 alia

239 1952 372 2031 exempla
393 1960 461 2010 sunt
482 1951 554 2010 Hor.
577 1970 663 2011 earm.
687 1951 719 2008 II
743 1956 770 2023 8,
798 1956 835 2013 15

485 2078 604 2140 temper
627 2055 762 2118 ardentia·
785 2076 895 2117 aeaeae
917 2058 1043 2140 aupittaa

485 2173 548 2224 eote
569 2169 705 2235 eruenta,

239 2267 293 2328 Ov.
317 2275 382 2326 met.
407 2267 455 2325 IX
478 2272 537 2329 476

345 2372 393 2436 ille
416 2373 538 2458 quidem
559 2384 603 2436 ert
624 2373 717 2435 oeulis
739 2371 877 2455 quarm-ie
899 2374 1052 2448 formosas
1076 2375 1198 2459 iniquia,

237 2479 498 2560 Prop.11o‚4v
759 2460 762 2464 ’

367 2583 410 2645 aio
430 2603 483 2667 epo
504 2604 584 2645 arrae
606 2582 746 2645 dominae
768 2582 848 2646 uitiis
872 2594 898 2645 et
918 2605 1038 2667 semper
1059 2587 1192 2649 amantia

486 2686 613 2770 fletibus
634 2698 759 2751 aewrna
780 2689 909 2770 dfferor
929 2690 1056 2764 invidia,

239 2791 290 2850 ubi
310 2792 441 2871 ‘semper'
457 2813 516 2852 non
531 2812 595 2851 cum
611 2793 760 2866 amantis,
781 2793 860 2872 quod
880 2804 909 2853 et
930 2793 1007 2854 idem
1028 2799 1233 2877 transpositum
1256 2807 1309 2872 est,

238 2896 291 2955 sed
312 2916 365 2976 per
383 2897 566 2977 hyperbaton
587 2917 652 2957 cum
673 2897 760 2957 verbo
782 2899 863 2958 finito
884 2899 1017 2960 ‘differor'
1035 2902 1201 2978 coniungas,
1217 2902 1309 2979 figura

239 3023 257 3060 a
277 3002 428 3082 Propertio
457 3003 520 3062 aliis
549 3022 666 3082 quoque
686 3005 757 3064 locis
777 3014 923 3086 usurpata,
952 3006 987 3064 ef.
1011 3007 1058 3064 ΠΙ
1075 3012 1113 3067 24
1126 3003 1149 3076 ¹³,
1177 3012 1213 3068 18
1226 3005 1263 3088 ¹),
1279 3009 1309 3067 V

241 3114 268 3180 2,
293 3114 342 3169 45.
378 3110 550 3196 exquisitius
570 3109 699 3168 adverbii
720 3111 832 3168 traiecti
853 3111 1017 3190 exemplum
1043 3110 1163 3190 praebet
1188 3110 1310 3171 Ovidius

237 3221 291 3272 art.
314 3214 330 3273 Ι
352 3220 413 3277 544

415 3319 467 3382 via
488 3321 569 3382 cedet
591 3330 618 3382 et
634 3341 763 3403 pressea
785 3320 915 3383 continet
936 3332 1005 3383 ante
1027 3320 1134 3392 iubae,-

241 3423 325 3482 ‘ante’
357 3426 449 3497 enim,
481 3422 561 3503 quod
589 3421 719 3484 adverbii
748 3425 812 3485 loeo
840 3429 966 3506 positum
988 3436 1046 3501 est,
1068 3425 1107 3486 ad
1128 3429 1309 3507 participium

241 3535 372 3608 ‘pressas'
395 3531 536 3609 pertinet,
568 3537 596 3588 et
624 3549 689 3590 eum
711 3530 779 3588 huic
799 3529 1016 3610 adiungendum
1038 3534 1089 3605 sit,
1118 3532 1207 3592 verbo
1229 3533 1311 3591 finito

239 3633 392 3693 divellitur.

325 3740 390 3799 Hoc
418 3740 481 3799 loeo
510 3737 618 3799 addere
644 3742 715 3800 mihi
745 3741 830 3801 liceat
858 3762 951 3822 pauca
971 3742 1060 3807 verba
1083 3741 1120 3801 de
1148 3741 1310 3822 hyperbato

240 3839 480 3917 interiectionum,
504 3864 579 3922 quae
600 3865 684 3905 voces
703 3845 858 3907 admodum
880 3847 1001 3907 mobiles
1022 3868 1087 3908 cum
1108 3846 1310 3907 adverbiorum

332 4068 353 4133 1)
384 4071 416 4120 ln
443 4070 557 4120 numeris
590 4072 733 4121 carminum
759 4074 938 4123 describendis
964 4073 1142 4135 Hauptienam
1168 4074 1309 4122 editionem

239 4159 368 4222 Propertii
386 4175 489 4222 sequor.
547 4197 550 4204 .
