3034 4675
667 293 706 303 ...
751 254 878 319 93...

322 406 485 490 Mcmoratu
514 411 583 490 ¹uero
611 426 690 491 haud
719 436 764 489 est
787 430 950 506 indignum,
985 431 1058 490 tales
1089 431 1211 489 duorum
1237 430 1306 489 sub-

236 536 430 596 stantivorum
460 552 523 595 cum
554 535 703 595 attributis
733 536 938 610 permixtiones
971 536 1057 594 etiam
1090 537 1167 610 apud
1195 536 1306 609 priscos

239 642 416 702 Latinorum
445 645 545 716 poetas
573 640 705 700 scenicos
727 642 842 716 saepius
863 641 996 715 reperiri.
1038 657 1128 715 quare
1148 639 1187 700 cf.
1210 641 1305 700 Plani.

238 748 346 821 Amph.
366 741 400 805 ἸΙ
423 749 452 818 2,
477 746 515 806 15

646 846 681 910 id
701 847 792 909 niodo
815 845 1008 910 aimerccdia

394 954 487 1014 datur
507 950 592 1026 mibi,
613 963 646 1015 at
667 972 751 1013 mecca
773 951 868 1014 victor
890 952 937 1014 vir
960 952 1029 1015 betti
1048 953 1154 1033 clueat,

241 1063 366 1123 Poeni
389 1064 420 1134 2,
444 1060 504 1120 166

407 1163 480 1225 aovi
500 1183 553 1246 epo
573 1162 661 1224 huius
682 1182 783 1224 morea
799 1162 917 1226 morosi
939 1164 1046 1227 matos.

242 1273 310 1334 vide
332 1271 499 1346 Ussingium
521 1272 559 1331 ad
587 1272 685 1332 Plaut.
707 1271 814 1345 Amph.
838 1271 896 1331 291
921 1279 951 1332 et
972 1274 1040 1333 Ter.
1062 1274 1156 1333 Andr.
1177 1273 1192 1331 Ι
1216 1271 1245 1346 5,
1269 1271 1308 1330 12

280 1421 283 1426 «
327 1374 433 1437 nauca
454 1395 507 1455 epo
530 1371 697 1435 Chremetis
713 1385 808 1457 pacto
831 1374 1018 1449 affinitatem
1032 1374 1161 1456 cffuycre
1181 1370 1310 1457 potero?

241 1484 309 1544 Liv.
332 1482 465 1543 Andron.
489 1483 575 1543 Terei
597 1480 653 1558 frg.
672 1485 689 1542 3
713 1483 800 1543 Ribb.
1403 1463 1406 1468 ¹

329 1606 381 1667 eqo
401 1604 534 1668 pueram
554 1585 670 1647 intereo
691 1584 820 1647 cunilae
841 1586 972 1647 rubricam
994 1584 1154 1648 leuantem
1174 1604 1267 1646 meae.

243 1693 373 1755 notabile
394 1699 440 1753 est
461 1694 624 1767 exemplum
646 1693 723 1751 Attii
744 1690 800 1766 frg.
825 1697 844 1754 3
866 1713 895 1769 p.
920 1694 978 1756 281
1004 1695 1093 1757 Ribb.

372 1795 419 1857 lue
439 1796 577 1877 patricam
598 1793 701 1857 hostib
721 1797 824 1870 facum
846 1816 980 1879 conqueri
1001 1796 1156 1879 carmine.

244 1922 292 1982 hic
317 1921 393 1980 enirn
414 1920 574 1996 pugnantia
594 1937 691 1980 secum
713 1928 743 1980 et
769 1924 898 1982 eiusdem
920 1921 1054 1982 vocabuli
1076 1921 1174 1981 variae
1202 1918 1314 1980 formae

246 2043 305 2087 nun
326 2027 388 2085 sine
408 2031 472 2084 arte
494 2031 523 2084 et
545 2027 665 2086 consilio
687 2027 770 2086 iuxta
791 2034 858 2087 sunt
879 2030 985 2102 posita.
1026 2017 1157 2102 apprime
1178 2041 1314 2099 compara

244 2134 341 2192 locum
362 2132 554 2194 Horatiorum
574 2138 630 2191 sat.
653 2133 683 2190 ΙΙ
707 2134 736 2207 6,
760 2132 802 2191 80
824 2137 866 2205 so.

355 2234 486 2296 mationa
503 2233 658 2296 urbanum
679 2254 798 2295 morem
818 2257 886 2297 maa
900 2254 1042 2324 paupere
1057 2233 1164 2315 'fertur

356 2339 506 2422 occepisse
527 2361 609 2420 cuoo,
629 2349 757 2402 ceteram
779 2352 862 2402 octus
884 2341 992 2421 boapea
1014 2338 1153 2400 anticum.

244 2468 305 2526 iam
336 2465 427 2524 delati
459 2461 557 2524 snmus
590 2465 628 2525 ad
657 2466 806 2537 Augustae
833 2460 938 2526 aetatis
967 2471 1084 2540 poetas;
1124 2466 1173 2537 qui
1202 2464 1317 2524 omnino

245 2572 332 2631 buius
364 2567 482 2630 artificii
516 2569 687 2629 feracissImi
716 2577 760 2630 tot
792 2572 935 2645 praebent
966 2572 1116 2645 exempla,
1151 2575 1184 2629 ut
1216 2578 1318 2629 notare

247 2676 381 2752 putidum
399 2675 446 2735 sit.
480 2672 626 2733 sufficiant
639 2676 711 2735 baec
726 2676 797 2736 Hor.
809 2693 897 2739 carm.
915 2676 929 2734 Ι
945 2679 974 2752 3,
999 2676 1039 2735 10
1055 2694 1108 2750 sq.‚
1139 2675 1317 2748 17‚15sq.,
1354 2722 1356 2725 .

250 2782 292 2841 IV
314 2783 344 2857 4,
368 2780 406 2840 31
431 2794 474 2851 sq.

658 2903 752 2966 neque
773 2883 922 2946 imbellem
942 2882 1058 2964 feroces

453 2999 659 3069 proponerent
680 2987 801 3071 aquiiae
819 2988 990 3051 columbam
998 2986 1035 3068 ¹),
1128 3049 1130 3053 .

250 3096 306 3156 Ov.
328 3113 399 3156 rem.
421 3095 482 3156 696
692 3082 696 3093 ’

455 3208 488 3259 ut
508 3197 616 3259 melior
638 3219 847 3260 causarcuusa
869 3197 908 3258 sit
929 3198 982 3259 itta
1004 3207 1067 3275 tua,

249 3306 313 3364 ber.
336 3305 439 3365 XVIII
463 3306 523 3365 103
546 3323 588 3378 sq.

420 3406 453 3468 iu
476 3417 528 3469 aaa
550 3407 719 3470 adveniunt
741 3407 1058 3470 coniectabamus·

446 3512 538 3595 fitquc
559 3535 654 3575 nocua
676 3502 861 3594 uoatrifinia
882 3515 998 3576 amorio
1020 3535 1117 3592 umor.

252 3620 326 3693 quid
354 3621 432 3694 quud
461 3621 548 3680 otiam
576 3638 680 3694 prosae
714 3622 854 3681 orationis
883 3622 1073 3696 scriptoribus
1102 3621 1242 3680 eiusmodi
1269 3620 1337 3678 im-.

255 3725 381 3800 plicatae
414 3726 619 3786 collocati0nes
646 3728 724 3785 intra
755 3724 828 3786 fines
854 3728 942 3800 paulo
971 3728 1094 3788 artiores
1123 3724 1324 3786 concedendae

143 3808 177 3841 '⁵
253 3828 345 3889 sunt?
382 3827 828 3902 cf.Gic.nat.deor.1137‚
857 3833 896 3891 93
930 3828 1164 3891 innumerabiles
1186 3827 1275 3889 unius
1298 3836 1325 3887 et
1373 3847 1376 3853 ·

342 4027 363 4093 ¹)
381 4032 420 4081 De
439 4031 517 4080 variis
537 4031 640 4096 formis,
664 4033 757 4095 quibus
776 4032 901 4082 Horatius
921 4031 981 4079 bina
1001 4032 1164 4082 substantiva
1182 4046 1240 4081 cum
1259 4031 1326 4080 binis

254 4120 392 4170 aaIIectivis
410 4121 592 4199 coniunxerit&
606 4123 639 4170 of.
657 4120 755 4184 Eggers
775 4121 793 4170 l.
812 4135 834 4169 c.
851 4136 876 4183 p.
895 4119 928 4169 68
946 4133 1001 4182 sqq.
