3034 4675
643 338 686 347 ..
729 302 856 366 23..

148 463 155 472 ⁸
216 474 396 534 Meinakium
419 451 573 532 dicunt⁰ac
587 483 702 531 nostrae
720 473 848 549 opinioni
863 472 1047 529 vehementer
1059 472 1284 549 patrocinantur,
1385 485 1387 491 “
1512 549 1514 555 Ι

217 582 248 637 in
280 578 334 638 hoc
366 596 472 656 genere
504 587 603 656 poetas
630 573 847 635 Alexandrinos
877 596 937 664 ngr
968 577 1054 634 nimis
1086 575 1228 634 adstrictis
1254 595 1285 635 se
1301 596 1444 709 Um

217 686 341 743 coerceri
371 683 447 741 velle
475 682 606 742 habenis.
650 680 721 762 quid
752 680 830 759 quod
857 681 994 740 Moschus
1022 683 1109 739 etiam
1135 681 1194 738 tale
1214 679 1285 759 quid

214 807 303 849 ausus
328 797 371 848 est
393 793 431 861 11,
459 795 510 848 17:
548 787 583 847 τό
611 788 669 869 γὰρ
700 786 741 857 ὡς
764 784 846 867 ὕπαρ
874 780 952 846 εἶδον
981 784 1113 867 ὄνειρονδ
1147 785 1284 844 articulus

215 905 246 953 et
275 894 486 953 substantivum
514 894 628 952 initium
650 902 679 952 et
698 893 786 950 finem
812 893 953 950 enuntiati
975 899 1132 970 occupant,
1161 890 1284 949 insolen-

216 1002 326 1058 tissime
342 1018 420 1071 sane‚
443 1019 542 1059 verum
563 1019 623 1058 non
644 1000 707 1057 sine
728 1000 796 1058 artis
818 996 953 1069 consili03
984 998 1093 1076 quippe
1114 997 1169 1054 hec
1190 994 1284 1075 dispo·

215 1107 327 1164 sitionis
355 1105 447 1164 forme
476 1106 633 1184 oppositio,
668 1122 744 1182 quae
774 1100 869 1178 verbis
898 1098 1010 1182 ὄνειρον
1035 1110 1065 1160 et
1090 1100 1172 1180 ὕπαρ
1201 1103 1283 1173 inest,

215 1210 306 1268 multo
335 1211 426 1285 magis
455 1209 571 1268 effertur
597 1218 626 1267 et
653 1210 773 1267 acuitur.
817 1208 911 1264 vicina
939 1215 983 1264 est
1004 1206 1053 1265 illa
1074 1208 1218 1279 traiectio,
1253 1213 1286 1265 ut

216 1319 293 1373 inter
313 1314 465 1373 articulum
493 1323 521 1372 et
542 1335 662 1386 nomen,
696 1311 734 1384 ad
756 1310 835 1391 quod
856 1313 993 1390 pertinet,
1023 1310 1218 1391 praedicatum
1239 1310 1285 1370 vel

217 1419 443 1500 praedicitivum
475 1418 641 1477 intercedat.
685 1418 749 1486 hm
774 1415 924 1476 referenda
957 1426 1025 1474 sunt
1056 1395 1283 1495 duo'exempla,

214 1544 291 1605 quae
320 1524 472 1584 Heckerus
500 1523 520 1581 l.
545 1522 572 1582 d.
601 1523 712 1582 attulit:
750 1521 872 1581 Diodori
902 1524 990 1600 epigr.
1020 1522 1100 1579 anth.
1130 1521 1192 1579 Pal.
1216 1525 1283 1595 vn,

215 1637 288 1703 235,
315 1636 347 1689 l:
566 1651 568 1656 ’
1050 1663 1052 1666 ·

343 1734 386 1812 μὴ
407 1731 508 1816 μέτρει
531 1711 675 1813 Μόγνηδι
696 1733 731 1792 τδ
753 1733 878 1811 πήλικον
897 1731 1010 1809 οὔνομα
1030 1732 1147 1813 τύμβῳ,

214 1839 265 1898 ubi
288 1840 441 1899 Jacobsius
463 1838 498 1899 τὸ
520 1839 640 1917 τήλινον
662 1838 775 1917 οὔνομα
794 1838 939 1918 praetulit,
968 1846 997 1895 et
1017 1837 1162 1917 Antiphili
1187 1852 1285 1895 versus
1308 1908 1311 1915 Ι

214 1946 294 2004 anth.
319 1945 380 2004 Pal.
404 1947 456 2018 IX,
481 1952 552 2018 551,
577 1950 612 2005 2:

381 2056 433 2109 τεῦ
452 2045 542 2129 χάριν
563 2045 579 2105 δ
602 2045 750 2128 προδότης
772 2045 852 2128 όρνις
873 2047 919 2107 ἀεὶ
941 2046 1066 2128 λέγεται,

216 2174 274 2233 quo
297 2155 359 2213 loco
382 2153 457 2214 idem
479 2154 626 2213 Iacobsius
654 2161 706 2212 τεῦ
734 2150 768 2212 δὲ
786 2150 878 2235 χάριν
899 2152 1047 2234 προδότης
1070 2161 1099 2210 et
1119 2151 1284 2210 Meinekius

215 2270 364 2339 praeterea
381 2258 479 2342 οόρνις
493 2259 580 2318 scribi
600 2258 700 2317 voluit.
722 2268 752 2316 at
772 2258 844 2316 haec
866 2258 922 2317 duo
939 2258 1071 2338 exempla
1088 2266 1147 2315 tam
1170 2260 1284 2334 egregie

215 2383 247 2423 se
268 2367 392 2427 invicem
414 2375 539 2438 tuentur,
566 2355 603 2423 ¹ut
624 2368 655 2423 in
677 2362 781 2422 codicis
799 2367 940 2444 scriptura
961 2367 1141 2445 acquiescere
1162 2363 1283 2441 debeas3

121 2479 124 2483 ’
216 2470 247 2528 in
268 2469 412 2548 Antiphili
441 2479 537 2530 autem
555 2469 649 2529 verbis
678 2469 814 2528 articulus
836 2472 967 2549 proxime
991 2468 1102 2528 accedit
1121 2468 1159 2527 ad
1181 2489 1283 2549 prono-

214 2577 299 2633 minis
335 2566 420 2645 οὗτος
453 2575 696 2652 significationem.
731 2560 895 2655 nuperrime
929 2573 1035 2634 deinde
1065 2574 1221 2652 Diltheyus
1253 2577 1284 2633 in

215 2680 310 2739 iudice
332 2680 486 2740 lectionum
508 2680 693 2740 hibernarum
715 2681 847 2758 Gotting.
875 2686 1005 2759 1884l85
1029 2685 1096 2761 μβ
1119 2679 1283 2759 exemplum

213 2785 298 2844 valde
319 2786 446 2845 notabile
462 2789 657 2863 econiectura
673 2784 787 2858 adiecit,
811 2806 876 2845 cum
896 2785 1144 2846 Pseudotheocriti
1168 2780 1282 2843 versum

212 2891 250 2949 ab
282 2891 446 2951 hominibus
478 2891 568 2950 doctis
598 2893 677 2949 varie
708 2891 844 2950 vexatum
872 2894 996 2974 XXVII,
1020 2899 1037 2953 9
1065 2893 1105 2948 ita
1126 2892 1281 2961 constituit,

212 2995 351 3055 librorum
372 2999 492 3074 vestigia
513 2997 647 3073 religiose
668 2995 832 3069 observans,
852 2978 855 2983 ¹

294 3099 336 3177 χοὶ
358 3102 504 3182 crapulis
525 3101 635 3183 σταφίς
656 3099 733 3161 ἔστι·
757 3100 793 3160 τὸ
814 3101 863 3160 καὶ
886 3095 974 3181 ῥόδον
996 3093 1068 3159 αὖον
1090 3098 1210 3160 ὄδωδεν.

213 3204 299 3264 verba
322 3208 352 3263 in
374 3206 452 3265 huuc
473 3207 589 3266 modum
611 3215 678 3265 sunt
699 3206 857 3289 rediget&
885 3206 935 3264 καὶ
966 3205 1115 3286 δισταφὶς
1136 3205 1283 3286 σταφυλίς

213 3308 274 3369 ἐστι
296 3310 346 3369 καὶ
369 3311 403 3370 ιδ
425 3305 498 3371 αὖον
520 3307 608 3393 ῥόδον
628 3309 747 3371 ὄδωδεν.
793 3314 934 3373 sententia
962 3310 1078 3390 quidem
1101 3314 1217 3370 omnino
1239 3321 1283 3372 est

143 3442 148 3451 ·
211 3419 358 3493 aptissima
389 3426 478 3496 atque
512 3417 664 3476 verbomm
696 3417 871 3475 traiectionis
904 3416 1057 3475 insolentia
1087 3417 1282 3495 superioribus
1337 3395 1341 3405 ’

212 3520 281 3580 locis
309 3522 408 3600 aliquo
437 3520 524 3580 modo
553 3522 745 3580 confirmatur.
783 3520 862 3600 quod
889 3541 956 3580 vero
986 3522 1099 3581 articuli
1127 3525 1282 3583 anomine

212 3624 340 3685 diductio
363 3629 404 3684 ita
427 3627 582 3714 est'facta,
613 3618 653 3686 ut
667 3627 750 3685 facile
772 3631 836 3706 quis
858 3631 1032 3705 coniungere
1052 3631 1142 3708 pessit
1164 3628 1184 3686 ό
1206 3649 1280 3687 στο-

215 3731 311 3811 φολίς,
335 3732 410 3790 hanc
431 3733 568 3791 orationis
588 3732 813 3809 ambiguitatem,
836 3736 1002 3812 praesertim
1020 3732 1098 3813 apud
1113 3734 1197 3792 huius
1218 3718 1282 3792 aedi

209 3845 340 3914 poetam,
375 3835 447 3896 nihil
473 3836 579 3896 habere
601 3838 781 3905 offensionis,
811 3832 956 3917 pr‘aesenti
983 3839 1177 3918 disputatione
1199 3848 1280 3897 extra

211 3941 428 4013 dubitationem,
458 3945 577 4019 opinor,
599 3952 755 4022 reponetur
763 3942 798 4023 ¹).
840 3947 911 4022 quin
933 3947 1027 4022 potius
1049 3944 1167 4003 consilio
1188 3964 1280 4003 arces-

289 4167 318 4232 q)
335 4167 471 4219 Eiusmodi
492 4170 677 4219 vocabulorum
696 4172 865 4233 transpositio
883 4173 920 4220 its
937 4174 1063 4233 instituta,
1079 4179 1112 4225 nt
1129 4173 1173 4233 qui
1188 4171 1282 4223 letiter
