3034 4675
649 265 863 328 ..10..„

219 442 270 492 aut
283 435 387 492 tmesin
402 441 430 492 et
443 434 637 513 anastrophen
655 436 901 514 praepositionum
918 432 1038 514 (Speng.
1049 434 1105 505 111,
1124 440 1192 493 170.
1209 433 1291 516 188),

218 546 269 597 aut
295 537 561 597 Phoebammonem
589 541 678 598 secuti
706 538 878 619 ὑπερβατὸν
906 536 937 597 ἓν
965 536 1057 612 λέξει,
1092 537 1122 597 ἓν
1144 536 1238 620 λόγῳ,
1262 536 1293 597 ἐν

219 639 378 724 πράγματι
396 642 442 701 vel
464 645 551 701 etiam
573 639 604 702 ἐν
626 642 753 722 νοήματι
777 641 898 724 (Speng.
914 642 971 716 III,
997 648 1068 704 218.
1093 643 1168 725 238)
1192 642 1291 701 distin-

218 755 320 824 guunt.
1340 748 1344 756 '

305 850 401 927 Quam
430 852 536 913 Graeci
564 853 684 930 figuram
719 853 819 913 dicunt
847 853 1046 933 hyperbaton,
1078 852 1176 911 Latini
1200 861 1291 912 trans·

219 960 396 1035 grossiorem
424 967 475 1016 aut
504 960 699 1018 naiectionem
726 958 808 1017 verbi
830 966 1007 1037 nuncupant.
1046 958 1086 1015 sic
1107 966 1207 1016 auctor
1227 957 1292 1016 rhe'-

206 1065 288 1123 ‘toris
310 1061 348 1121 ad
371 1063 402 1122 O.
427 1064 609 1122 Herennium
629 1063 683 1136 IV,
709 1067 747 1123 32
779 1063 855 1121 hanc
875 1062 997 1145 figuram
1019 1062 1174 1141 explicavit
1194 1075 1293 1125 trans·

218 1167 334 1250 pressio
357 1176 408 1246 est,
429 1189 506 1250 quae
534 1169 698 1231 vadorum
714 1169 881 1251 perturbat
903 1168 1042 1230 ordinem
1061 1167 1293 1248 pernarbutione

126 1286 129 1292 '
161 1311 184 1324 κ.
226 1284 278 1334 aut
300 1272 476 1334 traiectione
482 1292 493 1349 ,·
519 1274 718 1354 perversione
737 1275 799 1335 sia:
828 1272 883 1333 hoa
912 1271 996 1333 uobis
1018 1274 1090 1333 deos
1111 1270 1293 1333 immortalis
1331 1292 1341 1334 ,·

220 1376 359 1438 arbitror
381 1377 499 1440 dedisse
508 1380 625 1459 pietate
637 1399 697 1463 pro
713 1386 832 1446 aestra;
852 1376 1095 1458 transyressione
1111 1373 1168 1436 hoa
1186 1375 1293 1435 modo:

219 1480 374 1550 instabilis
394 1480 427 1543 in
449 1482 540 1543 istam
559 1483 740 1565 plurumum
760 1482 886 1560 fortuna
902 1479 1015 1542 valuit:
1037 1478 1135 1541 omnis
1150 1480 1295 1542 inmdiose

220 1584 333 1667 eripuit
355 1586 407 1672 isti
434 1586 506 1648 bene
525 1586 646 1648 vivendi
666 1607 755 1648 rasus
777 1583 948 1660 facultates.
993 1583 1170 1646 huiusmodi
1191 1594 1294 1647 trans·

219 1677 313 1763 iestis,
336 1711 413 1773 quae
434 1712 500 1752 reni
521 1712 582 1752 non
604 1690 705 1752 reddit
727 1690 906 1764 obscuram,
934 1688 1063 1750 madum
1087 1691 1233 1771 proderit
1254 1692 1296 1752 ad

221 1796 458 1858 continuationes
473 1822 533 1866 -‚·
554 1797 585 1856 in
601 1794 711 1879 quibus
727 1803 843 1876 oportet
858 1794 952 1854 verba
973 1792 1064 1855 sicud
1083 1793 1125 1855 ad
1140 1794 1295 1876 poeticum

220 1902 372 1984 piendam
401 1910 556 1962 restruere
582 1910 820 1970 numeriam,.at
837 1899 972 1981 perfecte
994 1908 1021 1958 et
1047 1899 1314 1979 perpolitissurne*
1372 1953 1378 1959 .

215 2007 339 2087 possint
361 2025 424 2066 esse
446 2004 614 2067 absolutae.
645 2005 679 2062 cf.
696 2002 874 2074 Ciceronem,
898 2001 934 2060 de
956 2010 1026 2061 orat.
1043 2002 1099 2076 III,
1125 2008 1174 2063 52.
1209 2006 1294 2061 etiam

221 2106 435 2183 Quintilianus,
466 2110 517 2186 qui
539 2108 658 2168 diversis
680 2109 867 2167 institutionis
888 2109 1029 2166 oratoriae
1050 2107 1120 2167 locis
1142 2108 1295 2187 hyperbati

221 2215 397 2272 mentionem
413 2213 481 2272 facit
495 2216 633 2274 etenimo
654 2212 772 2293 pendet,
794 2221 891 2272 utrum
913 2214 989 2271 inter
1010 2221 1108 2292 tropos
1129 2232 1168 2270 an
1189 2213 1296 2290 figuras
1377 2277 1384 2289 ‚

219 2317 341 2390 referat,
376 2316 537 2378 ‘verborum
566 2319 832 2405 transgressionem’
855 2319 1069 2396 interpretatur.
1114 2325 1146 2376 ut
1166 2316 1295 2377 rhetores
1342 2347 1345 2351 ·

221 2421 326 2482 Graeci
348 2423 497 2502 complura
516 2424 671 2502 hyperbati
693 2443 802 2500 genera
826 2422 1002 2496 attulerunt,
1032 2425 1073 2480 sic
1094 2425 1180 2482 etiam
1200 2441 1295 2498 gram·

221 2530 317 2585 matini
339 2527 437 2586 Latini
458 2530 552 2587 varias
580 2529 665 2587 huius
693 2528 803 2604 figurae
831 2529 941 2606 species
962 2529 1142 2589 invenerunt.
1185 2527 1295 2606 Marius

220 2632 333 2691 Plotius
361 2631 501 2691 Sacerdos
530 2631 623 2713 (Keil.
641 2634 701 2705 Vl,
725 2631 801 2713 466)
830 2641 967 2711 quattuor
994 2652 1102 2709 genera
1130 2633 1293 2691 constituit:

219 2736 422 2815 parenthesin,
450 2736 677 2815 hysterologiam
705 2739 766 2796 sive
791 2737 930 2815 hysteron
957 2746 1103 2816 proteron,
1125 2736 1293 2816 synchysin,

149 2836 152 2840 ⁵
221 2844 340 2915 tmesin,
370 2851 460 2921 atque
482 2841 583 2901 eodem
604 2843 665 2901 fere
687 2840 774 2901 modo
797 2840 945 2900 Charisius
966 2839 1059 2921 (Keil.
1082 2846 1106 2916 I,
1131 2840 1216 2923 275),
1230 2842 1295 2900 'nisi

221 2945 301 3023 quod
323 2949 421 3005 tmesis
449 2946 513 3006 loco
542 2946 736 3026 anastrophen
765 2933 870 3025 posuit.
920 2947 1054 3004 Donatus
1082 2955 1178 3006 autem
1203 2946 1294 3027 (Keil.

221 3051 274 3122 IV,
298 3051 374 3130 401)
402 3059 430 3111 et
458 3051 615 3111 Diomedes
637 3050 728 3133 (Keil.
752 3054 782 3123 Ι,
808 3050 893 3131 460),
924 3052 976 3128 qui
1005 3070 1071 3110 cum
1098 3050 1228 3110 Charieio
1258 3071 1296 3111 ex

222 3154 330 3214 eisdem
351 3156 480 3216 lontibus
502 3158 661 3217 hauserunt
689 3175 723 3214 ao
743 3158 913 3235 praesertim
934 3155 1139 3214 Palaemonem
1162 3164 1191 3214 et
1213 3157 1295 3216 Com-

222 3261 381 3318 minianum
401 3254 621 3342 descripserunt,
637 3261 788 3341 paululum
802 3260 839 3319 ab
856 3260 914 3319 illis
936 3259 1097 3333 discedunt,
1118 3259 1197 3339 quod
1212 3263 1295 3339 quin-

222 3384 280 3444 que
311 3364 466 3444 hyperbati
497 3385 606 3442 genera
638 3385 700 3426 esse
732 3365 900 3424 voluerunt:
934 3366 1147 3445 anastrophen,
1182 3368 1294 3438 tmesin‚

221 3469 424 3549 parenthesin,
454 3471 627 3549 synchysin,
657 3471 891 3548 hysterologiam.
936 3469 1021 3528 docet
1048 3469 1120 3528 haec
1148 3468 1294 3540 diuisionis
1335 3464 1345 3479 '

222 3572 378 3634 similitudo
399 3594 484 3653 pares
506 3575 660 3655 hyperbati
680 3576 787 3635 formas
808 3576 989 3634 comtituisse
1008 3572 1173 3654 deperditos
1193 3574 1295 3631 horum

221 3680 333 3753 fontes3
363 3679 496 3758 exempla
522 3699 640 3758 quoque
668 3680 769 3740 eadem
796 3698 890 3759 usque
911 3687 1046 3758 repetunt
1066 3689 1155 3759 atque
1176 3680 1207 3737 in
1227 3699 1294 3756 syn-

222 3784 318 3863 chysis
341 3784 545 3863 explanatione
567 3805 666 3845 omnes
688 3787 748 3869 lere
767 3789 801 3852 in
822 3805 913 3844 unum
934 3786 1118 3844 consentiunt
1140 3782 1295 3867 synchysis

223 3899 266 3951 est
285 3888 476 3970 hyperbaton
500 3891 682 3966 obscurum,
705 3912 742 3953 en
765 3890 849 3952 omni
865 3902 957 3973 parte
981 3893 1147 3966 confusum.
1192 3907 1295 3968 parum

221 3993 354 4053 utilitatis
383 3993 523 4072 praebent
551 3997 666 4054 ieiunae
693 3995 762 4053 illae
795 3996 1046 4072 grammaticorum
1078 3994 1294 4073 explicationes,

222 4119 296 4159 neve
324 4101 517 4178 posteriorum
546 4103 597 4177 qui
626 4103 736 4178 priores
766 4098 999 4158 defraudaverint
1021 4107 1050 4157 et
1077 4099 1296 4179 compilaverint
