3034 4675
634 145 848 270 -sseo-

151 261 227 336 ψ,

65 339 145 534 dgll
201 386 352 455 grammat.
369 380 392 451 I,
418 381 466 437 68.
484 337 520 448 Ι4,
545 381 572 436 2.
606 380 698 456 poetis
720 373 838 455 quidam
859 337 933 433 haec¹
951 352 1097 433 sollemnis
1118 375 1178 433 fere
1198 376 1274 454 posi·

204 491 269 540 tura
289 481 450 554 verborum,
475 482 510 540 cf.
527 480 565 543 G.
581 481 740 539 Hermann.
756 479 795 538 ad
809 481 895 540 Hom.
911 481 940 539 b.
961 482 991 539 in
1007 481 1071 539 Cer.
1089 486 1139 542 99.
1169 478 1275 538 deinde

202 586 280 667 apud
303 584 509 665 Thucydidem
530 589 655 644 maxime
676 594 705 644 et
726 583 907 645 Herodotum
928 587 1132 665 praepositioni
1155 587 1276 665 eiusque

203 694 282 751 casui
303 692 423 751 articulo
447 689 578 771 praedito
607 694 757 768 genetivus
779 711 797 749 a
817 692 934 750 nomine
953 699 1038 772 aptus
1060 692 1166 770 passim
1188 693 1275 750 inter·

202 800 332 878 ponitur,
361 806 393 854 ut
421 796 514 856 Thuc.
539 800 569 868 I,
594 802 633 857 32
658 796 736 873 μετὰ
765 804 820 874 τῆς
844 796 1014 875 ξυμμαχίας
1036 803 1090 873 τῆς
1119 792 1274 896 αέτήσεως,

203 901 255 961 ubi
284 899 355 961 ordo
385 912 428 961 est
451 901 529 980 μετὰ
556 909 610 979 τῆς
640 898 779 979 sicciorem
808 922 834 960 τ.
857 903 883 974 ξ.
925 921 1026 962 verum
1047 901 1186 960 eiusmodi
1213 921 1275 959 ora-

8 483 93 673 ep

204 1008 290 1066 tionis
311 1007 497 1066 conformatio
520 1007 596 1065 hanc
617 1008 647 1065 in
662 1026 720 1085 qua
735 1027 883 1067 versamur
900 1027 1016 1067 causam
1035 1009 1129 1065 minus
1151 1008 1273 1082 attingit,

205 1132 270 1171 cum
292 1130 330 1172 ex
351 1114 515 1172 inversione
536 1112 706 1171 substantivi
723 1115 844 1191 eiusque
858 1112 987 1172 attributi
1003 1121 1066 1171 orta
1087 1113 1124 1170 sit
1145 1120 1174 1169 et
1194 1131 1275 1191 prae-

205 1220 309 1298 positio
330 1237 414 1277 suum
436 1218 530 1277 locum
553 1217 650 1276 teneat
670 1226 738 1276 ante
759 1221 916 1290 notionem,
938 1220 984 1276 cui
1007 1237 1040 1276 re
1053 1236 1120 1275 vera
1141 1216 1276 1276 adiuncta

205 1332 257 1384 est.
301 1321 403 1382 eodem
432 1332 528 1382 antem
557 1321 658 1403 mpdo,
686 1342 744 1401 quo
767 1322 919 1395 articulus,
942 1325 1028 1381 etiam
1050 1324 1223 1402 praepositio
1246 1325 1276 1380 in

205 1429 263 1488 fine
291 1448 390 1488 versus
419 1429 591 1503 collocatur,
623 1425 803 1486 substantivo
828 1430 859 1486 in
888 1430 1028 1507 principio
1057 1430 1182 1508 proximi
1210 1428 1270 1487 sub·

205 1542 360 1612 sequente,
394 1534 434 1591 ita
463 1542 495 1592 ut
515 1536 593 1592 vocis
614 1535 838 1605 intermissione,
862 1553 938 1612 quae
957 1553 1056 1592 versus
1078 1527 1213 1616 distinet,
1233 1552 1277 1592 se-

205 1641 303 1698 iuncta
324 1640 361 1696 sit
383 1640 542 1698 anomina.
577 1639 612 1697 of.
635 1638 724 1718 Sopb.
747 1637 783 1700 0.
806 1640 842 1697 R.
868 1645 937 1701 555.
969 1638 1097 1698 Boeclrh.
1121 1638 1158 1697 de
1179 1615 1277 1697 metris

205 1743 291 1803 Pind.
314 1744 371 1815 III,
397 1748 445 1805 22.
488 1744 525 1804 G.
548 1744 707 1804 Hermann.
729 1744 769 1803 ad
790 1744 896 1803 Aesch.
919 1746 1004 1803 Eum.
1030 1749 1107 1821 2363
1138 1744 1278 1803 alitteris

205 1850 319 1908 Latinis
334 1850 423 1926 Verg.
440 1850 511 1907 Aen.
527 1849 552 1921 Ι,
570 1856 640 1911 667.
677 1851 749 1909 Hor.
773 1858 825 1908 sat
842 1851 866 1922 Ι,
888 1857 933 1923 10,
951 1856 1000 1911 69.
1038 1850 1126 1929 Prop.
1147 1849 1185 1922 V,
1202 1854 1230 1919 2,
1249 1854 1276 1909 3.

206 1958 230 2014 si
260 1954 388 2031 lingum
418 1952 559 2014 Graecam
587 1958 770 2035 respicimus,
800 1974 914 2034 semper
941 1955 1001 2013 fere
1028 1954 1176 2035 particulis
1196 1974 1277 2034 prae

208 2061 365 2141 positiones
392 2079 409 2117 a
439 2079 508 2121 casu
534 2080 586 2119 suo
614 2068 798 2141 separantur,
828 2057 907 2118 unde
927 2059 1036 2119 nullam
1058 2061 1120 2119 fere
1141 2079 1204 2118 esse
1221 2058 1277 2118 dis·

209 2168 384 2225 iunctionem
412 2174 489 2224 recte
516 2165 642 2244 colligas.
687 2186 775 2224 unam
797 2150 966 2245 particulam
987 2165 1040 2224 καί
1058 2168 1087 2223 vi
1109 2164 1279 2224 intendendi

208 2280 237 2332 et
264 2267 419 2352 copulandi
448 2271 609 2351 praeditam
637 2274 815 2353 exceperim,
842 2269 880 2330 de
909 2291 967 2351 qua
987 2271 1053 2330 vide
1081 2271 1098 2350 ᾖ
1121 2276 1148 2332 6.
1193 2271 1278 2328 etiam

208 2377 347 2456 particula
369 2376 417 2436 τοί
435 2378 534 2457 aliquo
562 2376 647 2437 modo
676 2381 791 2455 gravior
820 2386 864 2437 est
884 2396 970 2455 quam
999 2386 1032 2435 ut
1061 2384 1192 2455 separata
1219 2395 1279 2433 non

209 2482 344 2559 extollat3
377 2481 412 2540 ci.
436 2482 521 2541 Pind.
544 2481 590 2542 Ol.
614 2488 659 2557 Π,
683 2491 733 2547 96.
786 2483 843 2542 huc
863 2483 930 2539 facit
950 2481 1039 2539 Arist.
1063 2480 1141 2539 Eocl.
1165 2499 1192 2540 v,
1216 2484 1277 2541 972

210 2584 262 2648 διά
282 2586 332 2646 τοί
353 2608 385 2647 σε
414 2586 523 2660 πόνους
544 2585 619 2666 ἔχω,
649 2589 700 2648 ubi
729 2598 815 2668 poeta
835 2589 960 2645 comicus
980 2588 1121 2644 canticum
1142 2587 1279 2643 eroticum

209 2695 345 2753 imitatur.
384 2692 461 2773 apud
489 2696 635 2753 Romanos
662 2703 757 2752 autem
786 2693 857 2752 haec
885 2694 1024 2750 seiunctio
1053 2709 1105 2770 per
1126 2690 1280 2770 particulas

210 2799 284 2857 iacta
305 2798 397 2878 poetis
418 2798 487 2857 solis
509 2807 553 2858 est
574 2818 709 2857 concessa
737 2808 766 2857 et
786 2798 864 2879 apud
886 2816 934 2856 eos
955 2799 1032 2877 ipsos
1054 2816 1119 2855 raro
1141 2797 1278 2872 occurrit3

210 2904 248 2963 ab
281 2905 405 2981 Augusti
438 2901 556 2982 quidem
589 2904 766 2984 temporibus
800 2904 847 2961 hic
879 2901 937 2960 illio
970 2900 1210 2982 deprehenditur,
1249 2909 1281 2959 ut

210 3010 297 3089 Prop.
321 3010 360 3081 ll,
385 3017 413 3081 9,
444 3016 486 3072 18.
530 3010 601 3068 Hor.
626 3008 711 3088 epod.
740 3014 787 3081 18,
812 3014 829 3069 3
1298 3018 1301 3023 ’

409 3135 471 3197 per
493 3127 520 3177 et
539 3114 665 3178 Dianae
686 3137 748 3178 non
770 3115 919 3176 movenda
940 3114 1076 3193 numina,

413 3240 472 3300 per
494 3232 582 3305 atque
604 3220 699 3283 libros
721 3221 901 3295 carcrisiam,

211 3323 263 3382 ubi
284 3325 459 3402 praepositio
483 3326 552 3404 ‘per‘
576 3346 642 3385 cum
663 3324 789 3405 quadam
818 3327 847 3382 vi
875 3326 906 3381 in
934 3323 1132 3382 obtestationis
1160 3323 1283 3382 formula

210 3434 279 3486 ante
300 3429 514 3509 coniunctiones
536 3439 579 3489 est
599 3429 745 3491 collocata.
783 3429 914 3488 similiter
933 3428 1036 3487 vocula
1059 3429 1171 3488 ‘tamen’
1195 3431 1282 3487 inter·

212 3530 362 3618 cedit-Or.
385 3533 445 3593 her.
463 3538 516 3608 III,
539 3542 594 3597 103
618 3547 685 3595 met.
702 3540 737 3610 V,
767 3541 838 3598 162..
862 3535 919 3606 XI,
944 3540 1015 3597 578.
1045 3553 1083 3591 ex
1102 3535 1135 3592 P.
1158 3538 1213 3604 ΙΙΙ,
1231 3537 1281 3595 48.
1341 3532 1342 3537 ’

212 3639 298 3696 etiam
331 3638 468 3698 encliticis
497 3644 699 3719 pronominum
720 3644 830 3701 'formis
863 3638 942 3720 apud
975 3639 1152 3701 Graecorum
1185 3647 1283 3718 poetas

211 3745 326 3824 saepius
346 3747 566 3825 praepositionis
587 3746 771 3825 hyperbaton
793 3746 923 3818 efficitur,
940 3747 1021 3804 cuius
1035 3748 1077 3804 rei
1098 3732 1284 3824 conspicuum

212 3849 377 3928 exemplum
398 3848 652 3928 praebet'llrllius
675 3852 817 3914 Geminus
837 3850 918 3912 anth.
940 3850 1023 3908 Plan.
1048 3856 1108 3911 205

299 3953 369 4047 cipri
387 3951 420 4033 μ’
444 3951 553 4034 ἔρωτος
565 3945 689 4036 Ἔρωτα
710 3959 813 4038 βροτῷ
836 3955 911 4015 θεὸν
932 3954 1033 4015 ὤπασε
1058 3953 1163 4036 Φρύνῃ

381 4058 578 4140 Πραξιτελής.
