3034 4675
659 267 892 331 -183-

239 434 389 513 praetulit,
416 433 466 494 sed
496 440 580 495 etiam
610 437 668 496 tale
697 436 769 516 quid
797 457 883 497 ausus
913 447 955 496 est
987 430 1093 519 τάφρῳ
1124 438 1174 497 καὶ
1204 439 1311 499 σκολό-

239 553 343 600 πεσσιν
375 539 580 620 ἐνιπλήξαντες
610 543 729 625 ὀρυκτῇ.
775 545 927 623 participia
955 563 1072 622 quoque
1104 553 1141 616 et,
1177 564 1253 622 quae
1274 546 1311 604 ab

241 648 281 703 eis
309 654 550 726 suntrsuspensa,
581 667 668 727 saepe
689 644 850 724 elegantiae
872 658 901 707 et
921 650 1102 728 aequalitatis
1123 649 1217 709 studio
1237 670 1311 709 com-

241 761 334 809 motus
371 752 541 811 insolentius
578 773 630 832 per
670 756 842 811 sententiam
879 752 1042 834 dispescuit.
1102 753 1181 833 quod
1215 753 1312 814 autein

181 869 185 876 “
241 859 412 934 posteriores
428 857 515 915 verba
531 860 670 916 enuntiati
686 863 815 939 primarii
831 869 859 918 et
873 859 1033 919 secundarii
1055 859 1201 919 liberrime
1222 872 1312 920 traus-

243 971 409 1040 posuerunt,
432 963 470 1021 ab
492 964 546 1021 hae
566 974 649 1043 parte
671 965 815 1023 Homerus
837 969 905 1024 satis
927 975 970 1024 est
990 964 1163 1025 moderatus.
1186 964 1313 1044 denique

203 1081 206 1086 ’
240 1066 455 1127 collocationem
478 1068 528 1128 dul
550 1067 662 1146 μέσου,
686 1079 718 1129 ut
739 1068 909 1130 structuram
931 1071 1011 1129 verbi
1033 1073 1201 1150 interposito
1223 1071 1312 1130 altero

241 1174 470 1252 interrumperet,
494 1194 581 1253 quam
603 1178 726 1235 maxime
741 1179 943 1255 frequentavit.
979 1178 1077 1253 itaque
1092 1179 1218 1234 carmina
1232 1176 1312 1247 haec,

241 1298 316 1356 quae
329 1279 544 1338 conformarunt
559 1280 748 1340 elocutionem
764 1285 881 1362 epicam,
899 1285 929 1341 in
944 1281 1038 1341 verbis
1053 1281 1217 1341 traiciendis
1231 1286 1314 1361 quasi

160 1423 164 1430 ·
243 1385 334 1462 prima
348 1384 523 1443 lineamenta
539 1385 692 1459 duxerunt,
710 1397 739 1447 et
753 1408 841 1467 quarn
855 1391 1026 1467 posteriores
1044 1386 1100 1445 sibi
1121 1386 1312 1458 adsciverunt,

241 1491 302 1547 eius
331 1487 468 1548 audaciae
497 1494 579 1549 initia
608 1492 749 1570 quaedam
779 1503 808 1551 et
836 1495 917 1572 quasi
937 1492 1086 1572 praeludia
1107 1491 1197 1550 multo
1219 1493 1312 1568 plura,

241 1614 327 1672 quam
357 1595 441 1671 vulgo
471 1604 588 1675 putant,
618 1599 675 1655 iam
704 1600 734 1656 in
764 1599 820 1657 illis
843 1598 1117 1658 animadvertuntur.
1163 1597 1214 1656 sed
1236 1595 1313 1676 quod

241 1702 354 1780 saepius
377 1699 604 1772 observavimus,
637 1702 714 1762 illam
736 1703 888 1764 verborum
916 1704 1109 1783 dispositionis
1131 1704 1314 1762 insolentiam

243 1825 259 1863 e
281 1815 385 1864 natura
408 1807 553 1865 Homerici
575 1811 723 1882 sermonis,
754 1812 805 1889 qui
827 1820 859 1869 ut
880 1830 945 1868 cera
967 1810 1062 1868 mollis
1083 1808 1177 1868 adhue
1199 1810 1314 1867 formari

241 1932 274 1970 ao
297 1912 367 1988 fingi
388 1921 500 1992 poterat
521 1914 617 1993 neque
638 1915 829 1973 severioribus
847 1914 958 1990 periodi
979 1915 1093 1992 legibus
1113 1917 1246 1973 astrictus
1268 1914 1313 1971 fir-

241 2039 316 2076 mam
336 2018 462 2078 habebat
483 2039 658 2099 compagem,
682 2030 820 2097 tanquam
837 2023 858 2078 'e
880 2020 960 2079 fonte
979 2040 1031 2079 suo
1052 2019 1237 2109 derigandam
1253 2038 1316 2077 esse

241 2126 345 2183 iterum
373 2128 513 2183 monitum
542 2125 617 2187 volo.
669 2134 795 2184 attamen
823 2128 906 2183 etiam
936 2125 1096 2202 elegantiae
1126 2124 1252 2184 studium
1287 2134 1315 2183 et

242 2239 351 2288 certum
373 2230 523 2289 consilium
547 2229 624 2288 haud
646 2251 711 2289 raro
734 2230 793 2289 illic
815 2229 1066 2309 deprehendimus.

327 2338 437 2416 Epicae
458 2340 553 2416 poesis
574 2345 697 2396 aetatem
714 2335 930 2395 deinde-secuta
951 2346 994 2395 est
1012 2336 1076 2409 alia,
1093 2357 1180 2415 quam
1193 2335 1314 2415 lyricam

243 2442 390 2521 appellare
412 2462 570 2522 possumus.
606 2442 691 2501 huius
713 2445 815 2501 aetatis
835 2452 984 2521 poetarum
1004 2462 1097 2521 paene
1112 2445 1237 2501 omnium
1256 2462 1314 2500 car-

243 2549 321 2606 mina
344 2550 449 2606 iniuria
470 2557 630 2627 temporum
649 2547 799 2628 deperdita
820 2558 895 2621 sunt,
919 2550 959 2605 ita
987 2555 1020 2604 ut
1041 2568 1100 2606 non
1120 2557 1252 2607 accurate
1274 2547 1314 2605 di·

243 2651 370 2712 iudioare
383 2657 534 2734 possimus,
551 2663 692 2732 quantum
714 2656 744 2711 in
767 2656 934 2712 traiectione
949 2653 1153 2713 vocabulorum
1174 2653 1216 2711 illi
1240 2653 1315 2710 ultra

243 2757 400 2816 Homerum
431 2760 488 2817 sint
517 2763 638 2835 evagati.
684 2778 760 2837 quae
790 2761 899 2817 iactura
927 2762 1079 2834 eomagis
1110 2767 1152 2816 est
1180 2756 1313 2828 dolenda,

243 2862 320 2941 quod
342 2884 401 2922 non
423 2872 502 2922 extat
522 2868 626 2944 prioris
652 2866 715 2922 aevi
734 2873 835 2942 poeta,
859 2862 1003 2942 quemad
1026 2862 1146 2920 Pindari
1174 2871 1265 2921 artem
1287 2874 1315 2920 et

243 2966 391 3026 audaciam
412 2967 521 3049 ubique
543 2974 573 3028 in
595 2972 835 3048 comparationem
858 2988 1000 3027 vocemus.
1044 2971 1157 3027 sivero
1180 2989 1197 3026 e
1218 2970 1313 3046 pauci

243 3082 302 3131 tate
330 3074 542 3153 exemplorum,
573 3094 648 3154 quae
677 3093 715 3131 ex
743 3077 845 3131 ceteris
873 3076 965 3152 poetis
993 3073 1092 3150 lyricis
1111 3075 1142 3130 in
1164 3072 1218 3130 hac
1240 3092 1315 3129 com-

244 3183 418 3239 mentatione
434 3177 599 3259 eomparata
614 3188 689 3249 sunt,
705 3181 897 3237 coniecturam
913 3179 979 3236 lieet
999 3177 1162 3256 periclitari,
1186 3181 1315 3256 suspicor

243 3286 446 3344 nonnullorum
461 3287 610 3344 insolentis
621 3287 851 3363 transpositionis
862 3302 1009 3360 generum,
1017 3282 1122 3360 quibus
1133 3287 1314 3362 posteriores,

243 3391 436 3450 Alexandrini
465 3395 604 3463 maxime,
635 3389 767 3449 delectati
789 3392 861 3462 sint,
891 3391 1030 3465 originem
1058 3391 1089 3445 in
1117 3390 1220 3447 horum
1249 3409 1315 3466 poe-

244 3506 337 3555 tarum
364 3499 522 3555 imitatione
540 3516 603 3554 esse
624 3494 827 3574 quaerendam.
869 3497 950 3554 cuius
971 3496 1140 3572 suspicionis
1159 3493 1315 3573 probabili-

245 3611 331 3661 tatem
361 3601 398 3659 ad
427 3603 581 3681 perfectam
605 3604 664 3660 veri
693 3599 908 3659 similitudinem
930 3618 1022 3678 paene
1043 3599 1175 3678 perducit
1195 3598 1315 3657 Pindari

244 3727 321 3773 usus.
357 3708 440 3766 liuius
470 3710 547 3766 enim
574 3715 676 3784 poetae
697 3726 763 3764 cum
784 3708 872 3763 animi
894 3708 1080 3783 cogitationes
1102 3704 1187 3783 paulo
1217 3724 1315 3763 recon-

244 3811 377 3885 ditiores,
413 3823 474 3871 tum
512 3813 647 3870 inusitata
683 3821 711 3869 et
748 3808 878 3869 inaudita
913 3814 973 3869 fere
1006 3810 1158 3868 verborum
1190 3813 1316 3868 mixtura

244 3918 415 3996 plerumque
438 3919 560 3990 obstant,
584 3919 737 3995 quominus
758 3917 872 3993 singula
893 3917 977 3974 facile
998 3916 1210 3992 intellegantur,
1243 3936 1316 3974 neve

244 4022 344 4081 credas
373 4034 484 4082 veteres
513 4027 605 4102 primo
626 4025 721 4080 statim
745 4022 848 4081 obtutu
869 4020 988 4080 Pindari
1010 4041 1108 4080 versus
1130 4025 1215 4079 etiam
1242 4021 1314 4080 diffi-

244 4129 357 4187 ciliores
389 4149 519 4207 quosque
547 4130 743 4207 perspexisse,
782 4128 833 4186 sed
863 4130 904 4186 eis
934 4131 1002 4206 ipsis
1030 4147 1102 4206 opus
1133 4136 1194 4185 erat
1225 4125 1316 4186 animi
