3034 4675
667 315 880 379 „73-

240 487 307 546 vide
320 484 480 545 Ameisium
495 484 532 558 de
546 485 658 544 articuli
679 504 734 544 usu
754 506 802 560 ap.
816 495 893 562 poet.
909 487 1003 546 bucol.
1019 510 1047 565 p.
1065 495 1114 557 39.
1136 493 1210 567 .pari
1224 493 1312 553 modo

241 598 272 653 in
296 594 380 653 Hom.
405 591 459 651 Od.
482 590 546 649 XX
570 595 629 652 310
654 599 682 647 et
702 590 812 649 XVIII
835 597 895 653 228
918 612 960 671 sq.

436 694 533 777 αὐτὰρ
555 694 611 776 ἐγὼ
631 696 724 777 θυμῷ
746 693 818 755 νοέω
840 696 891 755 καὶ
913 690 980 757 οἶδα
1002 696 1122 778 ἕκαστα,

436 799 535 863 ἐσθλά
555 821 587 861 τε
609 800 659 859 καὶ
681 799 720 859 τὰ
738 798 851 882 χέρεια,

239 908 391 971 articulum
419 910 504 967 etiam
532 906 571 965 ad
606 905 778 965 adieetivum
806 902 904 966 ἐσθλά
939 912 1083 985 pertinere
1118 922 1198 988 puto.
1253 915 1311 975 alia

240 1015 344 1075 deinde
374 1014 482 1072 leviora
506 1008 635 1087 pondere
656 1011 796 1070 vocabula
818 1011 877 1071 ἀπὸ
898 1022 998 1074 κοινοῦ
1016 1025 1084 1075 sunt
1104 1021 1198 1094 posita
1224 1022 1311 1083 Hom.

240 1119 295 1180 Od.
317 1119 362 1178 IV
386 1125 424 1181 37

377 1222 465 1284 *itta
486 1219 542 1300 μὲν
563 1221 631 1281 ot'rs
653 1221 727 1293 ἄναξ
748 1220 884 1301 ἐπιδευὴς
904 1226 972 1286 οὔτε
992 1248 1021 1288 τι
1043 1228 1163 1308 ποιμήν,

240 1350 363 1412 quonum
377 1326 447 1389 nloeo
467 1327 596 1386 conferas
617 1326 707 1404 Soph.
731 1329 837 1387 Traeh.
863 1336 879 1391 3

393 1431 476 1517 θάνῃ
497 1454 544 1503 τις
565 1428 634 1492 oot'
657 1431 684 1491 εἷ
701 1433 834 1514 χρηστὸς
857 1431 927 1494 οὔτ’
951 1433 983 1496 εἴ
998 1459 1042 1521 τῳ
1064 1438 1164 1515 κακός,

240 1552 269 1601 et
290 1544 323 1601 in'
342 1539 443 1599 eodem
465 1537 592 1597 Homero
614 1537 650 1599 ΙΙ.
671 1535 688 1596 Ι
712 1544 770 1599 132

363 1642 468 1705 κλέπτε
490 1640 559 1725 νόῳ,
581 1641 643 1703 ἐπεὶ
666 1644 702 1703 οὐ
722 1643 915 1729 uastissimas
935 1645 1006 1707 οὐδέ
1022 1670 1060 1726 με
1083 1649 1186 1712 πείσει.

239 1760 389 1829 praeterea
416 1751 451 1809 of.
481 1749 606 1808 Theoor.
637 1749 698 1809 XV
728 1758 766 1812 79
797 1751 891 1811 λεπτὰ
916 1753 966 1811 καὶ
993 1753 1035 1825 ὡς
1054 1756 1199 1838 χαρίεντα
1221 1761 1312 1819 stibi

241 1856 438 1930 Meinekium3
461 1855 533 1914 Hor.
557 1863 610 1913 sat.
633 1855 649 1914 I
671 1862 699 1928 4,
727 1862 763 1917 17
832 1887 836 1894 ·

648 1961 748 2044 inopis
773 1983 819 2023 me
842 1966 979 2048 quodque
996 1968 1108 2049 pusz'll‘

447 2066 603 2143 fleuerunt
625 2067 730 2156 animai,

241 2188 327 2263 Prop.
345 2187 373 2245 V
392 2194 417 2259 1,
441 2192 498 2247 147
512 2205 566 2266 sq.,
591 2186 702 2247 Gallim.
720 2187 810 2262 epigr.
836 2193 885 2261 31,
910 2193 927 2246 3
950 2186 1039 2248 ὀστέα
1060 2210 1106 2251 σοι
1129 2192 1179 2251 καὶ
1200 2203 1313 2272 μοῦνον
1343 2177 1348 2184 ’

242 2272 285 2353 ἔτι
306 2289 424 2374 τρίχες,·
454 2291 526 2351 Hor.
549 2299 602 2352 sat.
623 2291 639 2350 I
662 2298 690 2365 8,
715 2294 752 2353 88
1341 2309 1344 2312 “

428 2398 496 2460 laus
516 2397 563 2461 itti
583 2398 706 2460 debetur
728 2407 755 2458 et
778 2420 797 2460 a
818 2418 865 2459 me
884 2399 988 2482 qratia
1009 2402 1120 2466 maior.

325 2518 508 2579 Adiectivum
543 2529 594 2580 aut
629 2518 839 2580 substantivum
875 2520 975 2581 eodem
1017 2523 1102 2584 modo
1146 2529 1314 2603 saepissime

241 2630 334 2705 posita
360 2604 511 2703 leguntur,
540 2634 628 2705 atque
656 2646 721 2685 oum
742 2629 826 2686 metri
854 2630 1015 2687 necessitati
1041 2631 1224 2706 subvenisse,
1248 2644 1310 2694 tum

239 2735 382 2810 poetieam
403 2731 574 2809 elegantiam
594 2735 635 2790 ita
650 2734 825 2811 quaesivisse
846 2742 949 2809 poetae
968 2731 1111 2810 videntur,
1134 2737 1214 2816 quod
1235 2740 1312 2799 ordi·
1336 2814 1337 2817 Ἴ

240 2830 477 2915 nem'vulgarem
504 2847 533 2895 et
557 2858 612 2896 usu
639 2839 738 2897 tritum
765 2847 935 2912 spreverunt
955 2848 984 2897 et
1005 2844 1108 2900 seriem
1129 2844 1310 2904 artificiosam

240 2945 449 3021 praetulerunt3
483 2963 632 3002 nervosam
653 2963 770 3021 quoque
792 2951 820 3001 et
842 2943 953 3002 roboris
982 2945 1098 3020 plenam
1120 2947 1315 3010 reddiderunt

241 3053 398 3109 orationem
424 3048 519 3107 verbis
545 3047 724 3125 gravioribus
746 3049 934 3107 eminentiore
953 3049 1017 3109 loeo
1037 3051 1181 3110 collocatis
1190 3052 1226 3134 ¹).
1270 3059 1311 3115 sio

326 3272 348 3339 1)
363 3276 400 3324 Ut
418 3274 496 3322 huius
523 3272 621 3335 figurae
646 3274 766 3321 effectum
789 3281 816 3321 et
833 3288 911 3335 quem
927 3289 1048 3337 magnam
1066 3276 1118 3325 vim
1136 3288 1258 3328 exerceat
1276 3284 1310 3330 ed

240 3365 364 3414 orationis
381 3364 499 3426 vigorem
517 3369 543 3410 et
554 3362 715 3423 gravitatem,
733 3368 803 3416 recte
819 3360 1005 3426 intellegamus,
1023 3377 1082 3411 oum
1100 3351 1153 3415 tals
1170 3369 1310 3420 artificium

239 3454 267 3502 in
289 3454 381 3515 lingua
404 3451 491 3500 aliena
516 3433 650 3512 percipere¹
673 3450 779 3499 difficile
802 3451 851 3510 sit,
878 3451 1026 3512 exemplum
1049 3467 1083 3501 ex
1102 3454 1207 3506 Goethii
1227 3460 1310 3508 nostri

239 3543 321 3591 Faust
338 3542 454 3606 efferam,
471 3535 544 3602 qnod
561 3539 614 3587 iam
629 3539 765 3589 Nanekius
783 3541 817 3587 ad
835 3539 900 3588 Hor.
918 3553 995 3589 earm.
1010 3541 1038 3592 II
1061 3542 1100 3600 ts,
1118 3545 1150 3595 28
1168 3548 1266 3612 citavit,

481 3646 513 3695 Jo
530 3649 596 3693 wdre
613 3659 662 3693 nur
678 3646 721 3693 der
737 3645 918 3694 haiemim
933 3649 1004 3710 mon,

484 3735 539 3783 Una
554 3734 619 3796 tritq’
640 3748 667 3782 er
683 3736 745 3784 misle
764 3736 791 3783 tn
807 3734 901 3793 frsmdr
917 3736 1025 3798 Under,

477 3823 532 3871 Μὶν
547 3822 609 3872 sotlt'
627 3837 654 3871 or
670 3838 711 3871 um
728 3825 767 3872 dio
785 3824 936 3874 hostisiam
955 3824 1096 3885 Gewctnder,

478 3913 552 3961 Nicia
561 3912 614 3975 soil
630 3927 671 3960 um
691 3914 759 3961 amn
778 3913 961 3975 Ko'niqsmantel
976 3914 1035 3961 reio.

240 4017 290 4065 hac
307 4017 444 4065 verborum
461 4018 654 4066 construetione
672 4017 819 4065 orationem
832 4022 859 4065 et
874 4017 1027 4065 vividiorem
1040 4024 1066 4065 st
1083 4017 1218 4066 elatiorem
1236 4020 1312 4068 audi·

240 4111 378 4167 torumque
399 4106 500 4154 animos
523 4113 636 4155 attentos
658 4106 727 4167 fieri,
750 4105 828 4154 simul
855 4113 942 4154 eutem
967 4105 1069 4167 singula
1091 4106 1206 4155 membra
1228 4109 1313 4157 artius

240 4177 371 4256 coniungi,
391 4193 450 4256 quis
470 4202 511 4243 est
529 4194 573 4256 qni
590 4208 644 4243 non
661 4194 773 4243 sentiat?
