3034 4675
661 287 872 351 427*-

234 460 311 517 enim
347 458 454 517 scholia
487 468 516 516 et
551 458 712 538 complures
745 457 869 517 editores
897 457 1078 531 dissuadent,
1116 458 1303 539 anastrophes

233 565 345 622 ratione
366 562 537 643 explicanda
559 583 622 622 esse
642 563 778 623 videntur
797 564 885 623 verba
907 567 942 625 Il.
965 568 1016 636 IV,
1042 569 1079 625 97
1090 585 1097 620 ε

336 696 390 747 τοῦ
411 710 460 748 κεν
482 688 519 766 δὴ
541 686 713 767 πάμπρωτα
736 684 808 770 πάρ’
832 687 928 769 ἀγλαὰ
949 687 1033 768 δῶρα
1055 685 1166 769 φέροιο.

233 832 301 872 nam
324 816 355 873 in
377 815 440 874 loco
464 814 608 872 simillimo
629 813 665 873 Il.
687 817 798 886 XVIII,
826 820 880 876 191
912 833 1025 886 omnes,
1063 811 1159 893 quoad
1185 813 1302 893 quidem

233 916 301 991 vidi,
324 920 518 1000 anastrophen
533 895 702 991 concedunt,
726 926 754 977 et
776 918 823 976 hic
844 918 964 977 verbum
985 915 1168 1000 παραφέρειν
1186 938 1302 998 prorsus

232 1023 312 1083 aliud
334 1026 404 1104 quid
436 1035 465 1085 et
492 1025 634 1084 absonum
652 1024 700 1097 ,ab
732 1024 787 1081 hoc
815 1024 878 1081 loco
906 1024 1087 1101 significaret.
1130 1025 1303 1084 solutissima

232 1137 329 1188 autem
357 1131 492 1190 libertate
522 1131 575 1188 hac
605 1132 635 1188 in
664 1147 697 1187 re
724 1137 845 1187 utuntur
873 1139 975 1207 poetae
1002 1131 1118 1206 tragici,
1156 1150 1173 1187 e
1197 1128 1303 1208 quibus

234 1254 324 1302 unum
349 1236 513 1315 exemplum
535 1236 637 1295 afferre
658 1236 726 1293 satis
748 1233 842 1291 habeo
862 1233 949 1311 Soph.
973 1234 1020 1297 Αἰ,
1044 1240 1121 1296 792:

650 1343 684 1399 A
691 1336 791 1409 ἴαντος
813 1334 841 1397 ‹l'
864 1336 920 1412 ὅτι,

401 1448 531 1527 θυραῖος
553 1443 635 1527 εἴπερ
657 1443 747 1519 ἐστίν,
771 1444 806 1502 ori
827 1440 937 1524 θαρσῶ
959 1442 1033 1526 πέρι.

233 1570 308 1629 hanc
343 1570 531 1630 difficiliorem
568 1572 787 1651 praepositionis
823 1567 889 1649 πέρι
925 1563 1180 1647 transgressionem
1214 1570 1304 1628 Attici
1380 1595 1381 1598 ¹

233 1696 349 1756 quoque
380 1679 533 1756 scriptores
561 1676 753 1750 admiserunt3
790 1676 825 1733 cf.
855 1674 929 1733 Plat.
959 1675 1035 1753 apol.
1068 1682 1144 1737 190:
1183 1666 1219 1734 αὗ
1246 1672 1303 1755 ἐγὼ

233 1781 319 1843 οὐδὲν
344 1783 410 1843 elice
432 1780 509 1863 μέγα
531 1781 598 1841 olive
620 1779 747 1862 σμικρὸν
766 1777 833 1861 πέρι
854 1779 956 1840 ι’παίαι.
992 1780 1094 1839 Lehrs.
1117 1781 1137 1839 l.
1153 1779 1181 1839 d.
1204 1802 1234 1860 p.
1252 1786 1301 1840 74.

233 1909 328 1969 neque
349 1899 452 1971 poetae
472 1889 596 1947 Romani
623 1886 739 1946 duriore
760 1888 980 1966 praepositionis
1001 1886 1175 1966 anastrophe
1196 1893 1302 1958 carent,

233 1994 323 2054 veluti
344 1995 439 2054 Plaut.
463 1992 531 2052 Aul.
548 1997 599 2065 IV,
625 1998 653 2065 4,
678 1997 728 2052 27.
764 1993 832 2054 Ter.
857 1993 928 2054 Hec.
945 1996 995 2063 IV,
1022 1999 1046 2065 l,
1072 1996 1121 2052 20.
1160 1991 1231 2050 Hor.
1247 1997 1300 2049 sat

235 2105 259 2173 Ι,
281 2106 309 2173 3,
333 2104 383 2162 68.
420 2099 509 2175 Verg.
534 2097 609 2156 Aen.
632 2102 686 2171 XI,
711 2103 771 2160 509
795 2117 838 2176 sq.
876 2098 911 2155 cf.
934 2096 1085 2155 Kuehner.
1107 2116 1227 2173 gramm
1249 2094 1300 2154 lat.

235 2210 275 2278 II,
304 2211 328 2276 l,
353 2226 381 2284 p.
406 2208 464 2264 427
482 2224 525 2282 sq.
564 2202 618 2261 hac
647 2182 795 2261 occasione
823 2200 986 2260 admonitus
1013 2200 1100 2259 aliam
1129 2200 1304 2278 singularem

233 2311 454 2391 praepositionis
474 2308 689 2368 collocationem
711 2306 955 2381 commemorabo,
984 2306 1079 2388 qualis
1101 2315 1144 2366 est
1163 2309 1193 2366 in
1215 2307 1301 2366 Hom.

234 2414 290 2475 Od.
313 2419 364 2488 VI,
391 2420 465 2476 175:

588 2515 620 2578 σι’
641 2517 699 2600 γὰρ
719 2518 797 2578 κακὰ
820 2516 914 2578 πολλὰ
935 2516 1070 2598 μογήσας

324 2601 327 2605 .
444 2620 473 2693 ἒς
493 2619 615 2703 πρώτην
636 2620 752 2703 ἱκόμην.
801 2667 805 2674 -

235 2747 265 2821 ἒς
295 2753 371 2808 enim
391 2758 459 2807 ante
480 2745 516 2808 σι’
534 2749 628 2807 locum
650 2749 758 2810 habere
780 2759 992 2829 exspectamus,
1022 2768 1086 2808 cum
1108 2746 1230 2830 πρώτην
1250 2771 1304 2830 pro

233 2856 414 2936 appositione
438 2852 567 2912 additum
596 2864 625 2912 et
646 2858 820 2936 praepositio
842 2855 879 2913 ad
900 2855 1023 2934 priorem
1051 2857 1243 2915 accusativum
1271 2854 1307 2915 σέ

234 2967 332 3020 mente
360 2961 397 3018 sit
423 2958 605 3018 retrahenda.
643 2979 702 3039 quo
730 2979 796 3018 cum
825 2961 1043 3020 constructionis
1070 2978 1177 3035 genere
1208 2962 1243 3019 cf.
1267 2980 1305 3019 ex

235 3064 337 3124 eodem
357 3066 482 3123 carmine
504 3066 588 3136 XIII,
614 3069 671 3125 347
684 3086 706 3141 ιΙ

319 3166 396 3230 ὥστε
419 3189 469 3228 ccv
490 3165 512 3247 ἢ
529 3168 612 3250 παρὰ
631 3167 758 3247 πάμπαν
779 3169 940 3247 ἀμιίμοιος
960 3166 995 3248 ἠὲ
1015 3167 1165 3246 πινίχροιι.

234 3277 331 3337 Νοιιιι.
346 3276 439 3334 Dion.
463 3277 516 3344 IX,
540 3280 596 3336 85:

319 3379 404 3440 παιδὶ
426 3381 484 3462 τεῷ
507 3377 623 3452 {mcccc
644 3381 699 3440 σὺν
721 3378 870 3462 ἀθανάτῳ
892 3376 1074 3461 Μελικέρτῃ.

236 3485 289 3550 Ov.
311 3494 378 3545 met.
401 3490 452 3556 VI,
481 3492 513 3545 17
520 3493 553 3545 7:
593 3506 640 3547 me
662 3487 748 3567 reyia
770 3485 883 3548 Cadmi
902 3485 958 3546 sul>
980 3484 1106 3547 domim
1124 3494 1177 3549 cci.

321 3612 515 3692 Reperiuntur
532 3610 587 3669 loci
607 3609 750 3681 nonnulli,
774 3609 880 3689 quihus
897 3609 1071 3688 anastrophe
1085 3608 1305 3688 explicationem

235 3715 371 3797 impedit,
400 3736 464 3775 eum
494 3719 735 3797 praepositionem
757 3718 866 3774 nomini
893 3736 945 3774 suo
966 3716 1153 3795 postpositam
1174 3716 1306 3792 proxime

236 3832 374 3901 sequatur
401 3822 523 3880 alterum
548 3821 775 3894 substantivum,
804 3820 882 3900 quod
912 3830 940 3880 et
966 3819 1042 3878 idem
1064 3819 1101 3878 ab
1123 3839 1157 3878 ea
1179 3820 1305 3899 pendere

235 3929 334 4007 possit.
367 3927 503 3985 facillime
516 3926 633 4006 quidem
652 3927 706 3984 hoc
727 3923 840 3998 accidit,
863 3929 887 3985 si
906 3926 963 3985 duo
977 3926 1103 4002 genetivi
1122 3935 1303 3999 concurrunt,

235 4051 358 4111 quorum
385 4032 434 4091 ille
460 4052 478 4090 a
507 4034 732 4112 praepositione,
764 4031 810 4088 hic
831 4051 849 4088 a
869 4033 986 4089 nomine
1008 4038 1051 4087 est
1071 4048 1243 4109 suspensus,
1272 4040 1306 4089 ut

235 4139 266 4195 in
287 4140 377 4216 epigr.
401 4137 516 4196 Kaihel.
538 4159 581 4195 ιιι.
606 4144 662 4200 59:
