3034 4675
678 240 887 304 „84-

249 419 303 479 Or.
325 434 363 478 ex
381 418 415 477 P.
436 417 466 476 Il
490 418 519 492 5,
543 420 573 486 5,
596 416 668 474 Hor.
690 432 779 474 carm.
802 416 817 474 I
842 416 881 475 12
905 417 944 477 19

517 516 679 600 proxumos
700 516 748 578 uti
765 529 866 579 tumen
889 517 1048 599 occuparit

520 621 628 685 Pallas
648 621 779 685 hommes
788 623 825 704 ¹).

248 739 280 793 at
308 741 412 807 poetae
440 732 519 790 ultra
544 730 612 790 illos
640 747 712 803 quos
738 731 825 791 modo
854 731 979 792 diximus
1005 731 1144 789 terminos
1171 729 1318 788 interdum

247 838 406 913 procedere
434 842 503 897 sunt
530 837 609 907 ausi,
640 837 683 895 ita
711 843 745 895 nt
772 837 983 896 substantivum
1011 843 1042 895 et
1069 835 1243 895 adiectivum
1264 851 1318 908 per

247 943 409 1018 complures
439 958 541 1001 uersus
570 939 762 1017 dissiparent,
793 959 878 1015 quam
906 940 1026 1000 auribus
1046 941 1155 1000 nostris
1174 941 1316 999 Insuetam

248 1048 399 1109 audaciam
421 1063 514 1123 pauca
536 1047 669 1121 exempla
689 1047 846 1108 illustrent.
889 1046 996 1109 Aesch.
1018 1047 1075 1121 Ag.
1098 1045 1179 1108 1402
1202 1064 1264 1120 sqq.

516 1153 574 1229 φεῦ
594 1146 640 1218 τίς
660 1141 698 1206 ἂν
718 1145 750 1207 ἔν
771 1145 866 1225 τάχα,

514 1252 557 1331 μὴ
577 1249 759 1335 περιώδυνος

513 1355 591 1437 μηδὲ
612 1357 808 1438 δεμνιοτήρης

513 1460 600 1540 μόλοι
623 1463 675 1523 τὸν
696 1462 742 1523 ἀεὶ
766 1451 888 1544 ‹po'potm'
913 1458 961 1543 ἐφ’
983 1462 1056 1541 ἡμῖν

518 1564 612 1650 Μοῖρ’
632 1566 791 1628 ἀτέλευτον
810 1565 912 1642 ὕπνον,

248 1678 325 1752 quod
347 1684 434 1752 poeta
456 1678 668 1738 substantivum
691 1671 801 1754 Μοῖρα
830 1684 890 1735 tam
918 1677 1004 1750 longe
1030 1676 1175 1752 seposuit,
1203 1676 1318 1735 addita·

247 1783 351 1844 mentIs
373 1783 490 1857 quidem
512 1790 675 1857 excusatur,
697 1789 794 1842 tamon
812 1797 1000 1856 magnacum
1023 1782 1053 1840 vi
1072 1797 1162 1853 usque
1183 1780 1222 1840 ad
1243 1760 1334 1856 cums

246 1905 303 1962 quo
325 1887 450 1961 positum
467 1895 519 1960 est,
542 1890 635 1948 locum
658 1895 838 1949 reservatum
857 1903 920 1947 esse
941 1888 1028 1961 plane
1050 1892 1141 1961 patet
1171 1885 1209 1946 cf.
1226 1887 1317 1945 Arist.

247 1994 322 2053 Rau.
350 1993 528 2066 tot-214,
571 1995 701 2068 Euphor.
730 1992 786 2067 irg.
817 1992 856 2053 19
886 1991 1036 2068 Meincke,
1070 1992 1167 2051 Nouni
1195 1991 1318 2065 Dionys.

247 2099 333 2160 XLII
356 2100 396 2159 26
419 2116 481 2174 sqq.
1315 2131 1317 2136 -

896 2175 1061 2259 ἁβροκόμαν
1080 2175 1115 2237 δὲ

435 2284 586 2366 otiosum
606 2285 757 2366 ὅννωστα
783 2282 900 2362 opum
921 2274 1003 2364 ittam
1026 2282 1120 2366 κούρα

434 2387 544 2461 εἴκελος
564 2390 703 2472 ἡβητῆρα

248 2526 401 2593 praeterea
429 2520 540 2593 inspice
568 2519 654 2594 Verg.
678 2520 753 2578 Aen.
774 2520 818 2579 XI
854 2519 915 2580 809
943 2536 1005 2593 sqq.
1035 2527 1065 2579 et
1090 2521 1162 2582 Hor.
1193 2537 1281 2582 carm
1303 2520 1320 2579 Ι

251 2627 302 2700 22,
320 2626 338 2683 9
354 2641 416 2698 sqq.
454 2625 507 2683 sed
528 2625 623 2683 missis
644 2625 690 2684 his
713 2630 743 2682 et
762 2624 903 2684 similibus
919 2624 1091 2696 quibusdam
1109 2625 1175 2684 aliis
1197 2626 1320 2684 lectores

251 2731 359 2791 diutius
373 2727 535 2803 defatigare
556 2729 622 2788 nolo
644 2734 674 2788 et
695 2729 836 2787 nonnulla
850 2735 952 2804 postea
967 2730 1240 2789 demonstrabuntur
1255 2731 1320 2789 loco
1433 2786 1437 2792 .

249 2835 467 2910 opportuniore.
499 2851 587 2892 unum
609 2840 706 2893 tamen
728 2835 900 2909 exemplum,
924 2835 995 2893 satis
1009 2834 1127 2909 dignum
1147 2835 1221 2894 illud
1242 2835 1320 2908 quod

249 2944 504 3010 commemoretur,
537 2938 585 2997 hic
614 2939 776 3014 praeterire
804 2956 861 2999 non
891 2957 1016 3013 possum.
1059 2940 1090 2998 iu
1118 2940 1320 3022 Lycophronis

248 3046 325 3111 enim
348 3044 518 3105 Alexandro
539 3042 607 3101 inde
629 3060 647 3102 a
668 3063 696 3109 v.
722 3047 762 3105 52
784 3046 1013 3118 haec'leguntur

452 3142 566 3205 λεύσσω
587 3162 629 3219 σε,
653 3147 776 3224 τλῆμον,
798 3144 936 3227 δεύτερον
958 3142 1145 3227 πυρονμὲνην

453 3256 520 3320 ταῖς
536 3245 564 3309 τ’
580 3249 735 3321 Λῖακείοις
753 3250 839 3331 χερσὶ
863 3256 925 3321 τοῖς
939 3272 970 3310 τε
989 3243 1147 3310 Ταντάλου

453 3351 609 3437 Λέτριναν
632 3357 799 3436 οἰκουροῦσι
821 3348 975 3431 λειψάνοις
996 3355 1089 3438 πυρὸς
1188 3416 1190 3419 ,

453 3459 560 3532 παιδὸς
579 3457 834 3543 καταβρτοθέντος
855 3452 975 3542 αἰθάλῳ
997 3458 1099 3538 δέμας.
1264 3445 1269 3453 ’

248 3581 317 3627 cum
338 3567 453 3642 Pelopis
481 3570 533 3629 ills
555 3564 684 3644 λείψανα
706 3562 801 3648 πυρός
829 3566 918 3629 fuisse
948 3577 977 3629 et
999 3570 1172 3630 scholiastae
1194 3576 1224 3629 et
1243 3569 1319 3629 Pau·

248 3672 347 3735 suniae
379 3673 543 3734 testimonio
574 3681 702 3751 constet,
737 3674 900 3749 genetivum
932 3664 1088 3730 Ταντάλου
1117 3693 1181 3734 cum
1213 3668 1321 3741 παιδός

336 3920 357 3987 ¹)
369 3925 410 3975 De
430 3925 509 3975 vuriis
527 3926 709 3976 attributorum
727 3935 754 3976 et
775 3927 996 3977 substantivorum
1019 3927 1233 3977 collocutionibus
1251 3931 1320 3991 apud

252 4012 389 4062 Horatium
416 4014 557 4077 disputavit
584 4014 696 4078 Eggom,
723 4016 756 4064 de
779 4017 871 4065 ordine
897 4025 923 4066 et
945 4015 1035 4078 figuris
1061 4019 1200 4066 verborum
1228 4019 1321 4080 quibus

169 4120 188 4245 ί
252 4102 376 4152 Horatius
397 4101 424 4151 in
443 4103 599 4152 carminibus
617 4118 679 4153 usus
697 4110 736 4153 est
752 4102 872 4168 (Lovanii
895 4103 970 4166 1877)
991 4120 1016 4167 p.
1030 4106 1062 4156 42
1078 4118 1117 4170 sq.
