3034 4675
663 247 899 311 —120-

246 413 291 473 hia
312 412 382 474 locis
406 418 576 495 comparatis
605 436 718 478 causam
747 438 808 478 non
833 418 978 495 intellege,
1001 439 1053 478 cur
1074 422 1105 479 in
1125 419 1216 501 Soph.
1238 422 1314 482 Phil.

251 523 330 583 1002
354 539 396 599 sq.

706 618 794 709 κρᾶτ’
820 627 892 706 ἐμὸν
912 622 978 688 τόδ’
1003 628 1112 689 αὐτίκα

448 727 543 817 πέτρᾳ
564 728 674 812 πέτρας
695 733 817 793 ἄνωθεν
838 726 953 811 αἱμάξαι
976 730 1075 794 πεσών

246 855 334 916 verba
353 852 448 943 πέτρᾳ
463 852 574 937 πέτρας
589 856 710 917 ἄνωθεν
724 868 802 918 recte
816 878 880 918 sese
900 845 1008 919 habere
1026 869 1176 937 negentur.
1207 857 1317 939 πέτρας

193 1039 199 1050 .
245 962 367 1022 ἄνωθεν
387 964 473 1035 enim,
496 959 575 1040 quod
597 981 662 1021 cum
677 966 828 1043 participio
843 960 943 1024 πεσών
957 967 1123 1043 coniungas,
1142 985 1195 1043 per
1210 966 1316 1045 hyper·

247 1066 334 1126 baton
356 1070 560 1164 trapspoeitum
582 1077 626 1127 est
646 1077 713 1144 post
734 1066 838 1156 πέτρρ,
867 1077 900 1128 ut
921 1068 1049 1129 eiusdem
1067 1071 1199 1131 vocabuli
1221 1075 1317 1131 variae

245 1172 353 1231 formae
374 1191 426 1249 per
447 1172 710 1233 adnominationem
732 1178 939 1235 consocientur.

332 1264 491 1338 mmmm
512 1287 609 1338 autem
631 1279 794 1339 liberatem
816 1287 845 1336 a
865 1280 1014 1340 audaciam
1040 1282 1072 1339 n
1100 1280 1152 1340 au
1173 1280 1316 1360 hyperba-

246 1392 341 1446 torum
354 1403 461 1462 genere
475 1384 518 1443 illi
539 1385 594 1443 loci
616 1384 672 1445 sibi
686 1383 842 1457 vindicant,
857 1384 908 1444 nbi
922 1394 1008 1461 poeta
1022 1384 1174 1445 verborum
1187 1383 1316 1445 ordinem

246 1491 287 1549 ita
308 1492 441 1564 instituit,
465 1498 497 1549 ut
517 1493 645 1549 animum
666 1488 810 1549 audientis
836 1489 995 1567 legentieve
1015 1493 1046 1549 in
1067 1508 1231 1567 perversam
1251 1511 1316 1549 con·

245 1596 430 1655 structionem
458 1595 573 1655 trahere
603 1604 633 1656 et
660 1598 742 1675 quasi
764 1593 905 1654 ludificari
927 1592 1067 1654 videatur.
1112 1615 1201 1675 quam
1222 1595 1317 1672 dispo·

245 1702 356 1760 sitionie
381 1702 522 1760 rationem
552 1720 590 1761 ne
618 1700 842 1781 Aristophanem
862 1697 977 1779 quidem
1008 1701 1148 1778 refugisse
1169 1699 1253 1761 valde
1275 1711 1318 1761 est

245 1804 382 1865 notabile.
427 1809 468 1865 sic
488 1806 568 1872 Eool,
596 1813 674 1869 1049
730 1841 736 1846 ·

433 1928 511 2010 αὕτη
532 1930 580 2007 σύ,
603 1938 658 1990 ποῖ
674 1934 839 2011 παραβᾶσα
861 1927 946 1990 τόνδε
968 1928 1133 2007 correptor

434 2032 544 2112 ibaar,-

247 2179 316 2219 cave
338 2163 496 2239 coniungas
526 2165 691 2243 παραβᾶσα
720 2159 806 2221 τόνδε
836 2159 890 2220 τὸν
911 2158 1018 2238 νόμας
1047 2164 1219 2223 constructio
1241 2165 1317 2222 enim

247 2274 291 2325 est
312 2273 368 2327 ποῖ
384 2264 469 2327 τόνδε
493 2264 586 2340 ἕλκεις
607 2269 773 2349 παραβᾶσα
794 2266 847 2326 τὸν
868 2264 969 2345 νόμον.
1013 2276 1161 2348 praeterea
1182 2269 1247 2349 quis
1269 2270 1319 2349 qui

248 2371 336 2432 verba
350 2374 423 2432 Rau.
445 2381 523 2436 1064
547 2370 636 2434 τοῦτ’
657 2366 709 2433 οὖν
731 2369 855 2450 ἔβλαψα
877 2371 910 2433 τί
928 2365 1042 2452 δράσας
1062 2378 1232 2451 perceperit,
1254 2395 1319 2456 pro-

247 2480 325 2537 tinus
346 2477 495 2556 intelleget
515 2498 570 2538 nec
590 2486 680 2538 τοῦτο
701 2499 719 2536 a
737 2478 825 2537 verbo
848 2475 972 2555 ἔβλαψα
985 2498 1040 2538 nee
1060 2498 1129 2538 vero
1142 2479 1175 2539 τί
1193 2500 1211 2538 a
1232 2482 1319 2560 parti·

247 2584 321 2663 cipio
350 2579 467 2664 δράσας
494 2583 646 2660 pendere?
694 2602 761 2641 nam
794 2586 847 2642 etsi
879 2584 966 2659 paulo
999 2593 1066 2644 ante
1098 2583 1138 2664 (v.
1166 2585 1260 2665 1062)
1289 2582 1323 2643 τί

248 2682 379 2767 δράσας,
409 2696 443 2748 ut
470 2696 532 2748 erat
560 2690 770 2759 consociatum,
792 2689 969 2768 coniungere
989 2689 1125 2761 debebas,
1147 2691 1202 2750 hoc
1224 2699 1320 2749 tamen

247 2793 310 2852 loeo
339 2795 380 2852 sic
409 2793 505 2853 verba·
526 2791 686 2852 ordinanda
713 2803 781 2852 sunt
808 2793 841 2852 τί
860 2789 912 2855 adv
939 2792 1061 2874 ἔβλαψα
1086 2800 1176 2856 τοῦτο
1196 2787 1317 2877 δράσας.

247 2902 401 2975 praecipue
421 2918 489 2958 vero
512 2901 749 2976 epigrammatum
773 2902 925 2981 scriptores
952 2902 1007 2960 bac
1033 2903 1207 2960 traiectionis
1228 2900 1319 2977 figura

248 3007 406 3065 orationem
428 3006 579 3065 obscuram
601 3013 631 3063 et
654 3004 785 3064 consulto
815 3005 1011 3065 absconditam
1031 3004 1152 3065 reddere
1174 3004 1318 3065 amabant.

248 3131 307 3190 qua
328 3109 364 3169 de
386 3131 417 3170 re
439 3112 475 3168 cf.
498 3110 640 3169 Stratonis
662 3112 839 3189 epigramma
859 3111 939 3170 anth.
962 3110 1025 3169 Pal.
1047 3114 1107 3173 XII
1134 3114 1191 3171 188

376 3234 407 3295 εἴ
423 3255 456 3296 σε
479 3238 575 3315 φιλῶν
595 3234 690 3294 ἀδικῶ
712 3235 763 3294 καὶ
786 3243 876 3295 τοῦτο
897 3235 994 3306 δοκεῖς
1014 3233 1104 3315 ὕβριν
1126 3228 1210 3311 εἶναι,

414 3339 469 3419 τὴν
490 3339 584 3419 αὐτὴν
605 3338 728 3401 κόλασιν
748 3340 799 3399 καὶ
822 3342 860 3401 σὺ
883 3339 962 3421 φίλει
983 3362 1021 3418 με
1044 3337 1156 3417 λαβών.

248 3465 386 3526 Jacobsio
415 3463 532 3544 quidem
563 3468 751 3546 perspicuitas
781 3467 918 3525 orationis
951 3466 1098 3545 postulare
1125 3464 1251 3537 videtur,
1287 3473 1321 3522 nt
1370 3514 1377 3525 .

247 3571 343 3632 verbis
373 3572 553 3651 transpositis
581 3571 722 3630 scribatur
750 3570 805 3649 τὴν
827 3570 921 3649 αὐτὴν
942 3568 1065 3632 κόλασιν
1086 3569 1135 3630 καὶ
1158 3571 1196 3631 σὺ
1218 3569 1320 3646 λαβὼν
1363 3616 1365 3622 .

250 3682 287 3756 μέ
312 3676 408 3759 φίλας
437 3674 489 3735 sed
517 3675 589 3734 haec
617 3678 680 3757 ipsa
704 3680 843 3737 sermonis
865 3676 1037 3749 obscuritas,
1068 3693 1146 3755 quae
1165 3675 1230 3735 aliis
1251 3675 1321 3734 loeis

175 3860 178 3866 ἡ
249 3787 319 3844 satis
340 3780 511 3856 defenditur,
535 3782 653 3841 consilio
675 3803 693 3841 a
715 3766 1000 3861 Stratone'quaesita
1021 3800 1075 3841 neo
1095 3783 1179 3841 metri
1201 3783 1322 3840 necessi-

249 3899 309 3950 tate
330 3898 443 3947 extorta
463 3897 515 3948 est.
559 3887 718 3948 notandum
740 3908 858 3967 quoque
880 3896 939 3959 est,
962 3889 1143 3967 participium
1165 3883 1269 3963 λαβών
1289 3895 1323 3945 ut

249 3991 325 4074 έχων
340 3997 441 4054 ceteris
458 3994 636 4073 frequentius
658 3997 754 4067 traici,
787 4014 851 4054 cum
873 3991 1044 4073 plerumque
1064 3992 1173 4052 leviore
1194 3990 1323 4072 pondere

249 4099 418 4157 instructum
445 4117 507 4158 esse
535 4099 634 4158 soleat.
679 4099 810 4159 similiter
839 4097 926 4158 verba
956 4096 1095 4176 dissipata
1121 4096 1209 4157 habes
1239 4096 1319 4157 anth.
