3034 4675
609 286 852 378 =·-,4⁶-

212 465 236 521 si
262 459 417 520 verborum
446 457 662 517 collocationem
689 458 870 537 respicimus,
904 458 945 514 ita
974 464 1139 514 construere
1169 465 1282 536 oportet

210 565 294 625 ‘Itala
320 567 400 641 orgia
428 582 480 645 per
508 563 612 624 Graios
641 564 743 622 choros
772 561 872 636 ferre‘3
910 579 1006 638 neque
1039 560 1111 619 haec
1140 561 1282 620 sententia

210 672 326 730 omnino
362 691 421 730 non
450 677 544 748 potest
580 668 717 745 intellegi.
756 675 883 725 attamen
916 685 980 723 cum
1009 667 1161 742 cogitatio.
1194 686 1282 745 quam

208 774 394 835 translatione
422 776 550 853 speciosa
580 776 741 853 exprimere
770 781 856 853 poeta
884 769 1015 843 volebat,
1037 779 1115 829 certe
1136 771 1208 831 haec
1235 775 1279 846 sit,

212 881 325 943 Graeca
345 880 471 938 carmina
492 880 637 939 Romanos
663 878 767 939 docere
788 897 819 937 se
839 876 922 947 velle,
953 875 1063 934 collatis
1091 877 1161 936 locis
1182 879 1280 936 simili-

208 985 263 1046 bus
285 983 326 1065 (V
328 1003 385 1062 erg.
408 1004 506 1062 georg,
530 988 576 1049 ΙΙΙ
602 989 670 1057 176,
705 984 777 1042 Hor.
798 1001 884 1041 carm.
908 985 955 1044 III
979 987 1027 1054 30,
1054 983 1105 1062 ts)
1128 981 1280 1042 verborum

211 1090 340 1150 ordinem
377 1090 455 1149 hunc
490 1092 521 1148 in
556 1088 672 1150 modum
705 1087 875 1149 solvendum
913 1106 975 1145 esse
1010 1098 1130 1165 apparet
1167 1090 1281 1150 ‘Graios

210 1196 312 1255 choros
334 1216 386 1275 per
405 1195 481 1254 Itala
502 1187 584 1273 orgia
604 1195 699 1254 ferre’.
739 1216 797 1276 qna
818 1196 856 1256 de
877 1196 1077 1276 explicatione,
1100 1214 1176 1274 quae
1197 1198 1281 1254 unice

209 1320 277 1360 vera
305 1320 368 1361 esse
396 1300 527 1374 videtur,
557 1301 592 1359 cf.
616 1295 799 1380 Hertabergii
820 1310 971 1366 comment.
995 1305 1025 1361 in
1046 1302 1133 1382 Prop.
1156 1322 1186 1381 p.
1208 1306 1279 1376 246,

210 1409 261 1486 qui
282 1415 394 1479 minen,
425 1405 497 1485 quid
518 1406 586 1465 huic
606 1406 769 1487 hyperbato
798 1411 835 1467 sit
855 1410 981 1467 maxime
1002 1407 1147 1485 singulare
1169 1418 1198 1467 et
1215 1430 1280 1489 pro·

209 1514 320 1591 prium,
358 1515 451 1572 minus
481 1531 617 1592 expresse
652 1511 797 1579 indicavit,
848 1533 943 1592 neque
978 1534 1046 1573 vero
1082 1516 1113 1572 in
1148 1534 1183 1575 eo
1219 1526 1280 1575 erat

208 1616 465 1697 acquiescendum,
501 1617 554 1676 sed
583 1637 723 1698 quaerere
751 1617 892 1704 debebat,
919 1638 1010 1697 ecquo
1040 1629 1117 1679 certo
1147 1621 1279 1701 exemplo

210 1743 326 1803 comper
346 1722 672 1799 licentiademcnstrari
694 1733 799 1803 posset.
842 1743 858 1781 e
880 1724 981 1783 litteris
1004 1725 1123 1784 Graecis
1143 1724 1181 1783 ad
1203 1727 1280 1785 hunc

209 1828 303 1888 locum
325 1831 457 1909 proxime
478 1828 588 1888 accedit
608 1829 720 1894 Mosoh.
743 1834 786 1892 IV
810 1837 848 1891 34
872 1849 915 1909 sq.

296 1967 349 2026 καί
368 1989 417 2027 κεν
439 1966 490 2029 ἕνα
508 1967 648 2051 χρύσειον
670 1966 699 2039 ἒς
720 1966 809 2029 ὀστέα
831 1975 966 2051 κρῶσσον
987 1968 1129 2028 ἁπάντων

295 2068 429 2144 λέξαντος
450 2071 645 2152 nestiemur.

209 2214 382 2293 praepositio
405 2209 434 2284 ἐς
455 2216 580 2292 pertinet
601 2210 638 2271 ad
660 2212 871 2273 substantivum
893 2222 1028 2296 κρῶοσον
1052 2224 1081 2273 et
1105 2215 1179 2274 alter
1199 2236 1280 2275 accu-

211 2320 319 2379 sativus
352 2306 441 2380 ὀστέα
473 2321 638 2379 interiectus
669 2329 727 2402 est3
763 2322 895 2400 quaesita
926 2330 1023 2380 autem
1055 2330 1099 2380 est
1128 2320 1279 2381 verborum

210 2425 371 2499 collocatio,
401 2423 479 2504 quod
502 2424 559 2484 duo
587 2426 727 2489 vocabula
749 2423 815 2508 (ἕνα
838 2425 1040 2507 attineretur)
1068 2431 1099 2487 in
1118 2429 1199 2487 initio
1222 2429 1280 2487 fere

212 2539 241 2589 et
268 2530 325 2590 fine
353 2550 452 2590 versus
478 2539 548 2589 sunt
576 2534 684 2611 posita,
721 2540 753 2591 ut
782 2531 837 2590 sibi
866 2534 986 2591 invicem
1012 2531 1122 2591 addant
1143 2536 1278 2592 maiorem

210 2639 269 2695 vim
291 2645 320 2696 et
340 2637 493 2695 firmiorem
517 2655 628 2694 sonum.
671 2647 760 2717 atque
789 2636 866 2696 idern
888 2636 1042 2716 hyperbati
1063 2657 1155 2715 genus
1176 2640 1279 2697 Fixius

209 2744 335 2801 restituit
373 2745 403 2800 in
434 2744 640 2822 epigrammate
673 2761 710 2801 ex
730 2741 860 2802 Grameri
890 2742 990 2801 anecd.
1021 2742 1112 2802 Paris.
1145 2753 1213 2803 tom.
1238 2747 1279 2807 IV

210 2870 240 2929 p.
265 2854 324 2910 385
348 2848 395 2928 (et
412 2847 550 2922 Piccolos,
572 2846 754 2928 supplement
774 2848 792 2906 a
813 2826 1000 2926 l'anthologie
1023 2848 1166 2929 (hecque,
1196 2850 1278 2909 Paris

213 2959 293 3016 1853
315 2977 343 3034 p.
374 2952 454 3035 158).
484 2962 575 3013 totum
596 2962 691 3013 autem
714 2955 898 3033 epigramma,
917 2953 1061 3033 quomodo
1083 2956 1186 3014 Fixius
1207 2953 1279 3013 illud

168 3057 171 3060 ⁴
210 3060 380 3118 coniecturis
407 3058 575 3139 complevit,
605 3058 757 3140 descripsi,
792 3058 871 3139 quod
899 3059 986 3139 paulo
1007 3063 1167 3120 accuratius
1185 3058 1224 3119 de
1244 3080 1278 3119 eo

209 3182 296 3240 agere
316 3166 466 3225 institutui.

294 3276 488 3370 εἶπενἚρως
508 3290 562 3350 τὸν
579 3289 673 3349 γκαλὸν
696 3288 768 3350 ld'o'rv
788 3313 860 3352 ποτε
882 3290 976 3350 παῖδα
999 3291 1157 3375 Μυΐσκον·

363 3393 516 3476 δωροῦμαι
538 3394 611 3456 τάδε
633 3417 679 3456 σοι
702 3393 763 3468 τόξ’
786 3393 844 3474 ἐμὰ
866 3397 915 3456 καὶ
938 3393 1104 3478 φαρέτρην·

294 3498 448 3576 δωροῦμαι
470 3499 519 3559 καὶ
541 3499 653 3579 πτηνὸν
674 3498 746 3580 ἐμὸν
766 3501 866 3579 βέλος·
891 3500 917 3560 εἰ
937 3498 964 3560 d‘
988 3497 1034 3561 iul
1052 3500 1154 3579 χεᾶεα

358 3607 460 3681 χεῖλος
482 3604 554 3683 ἐμὸν
574 3604 670 3688 θείῃς,
693 3604 830 3684 λάμβανε
853 3606 902 3665 καὶ
924 3604 1081 3688 πτέρυγας.

209 3754 353 3826 postrema
375 3747 463 3808 verba
488 3750 528 3807 ita
550 3756 617 3807 sunt
638 3748 840 3826 coniungenda
876 3749 903 3808 εἰ
930 3746 963 3809 δὲ
987 3748 1089 3828 psilen
1112 3745 1159 3805 ἐπὶ
1178 3746 1279 3823 χεῖλος

211 3848 282 3928 ἐμὸν
303 3851 399 3931 θείης,
423 3857 449 3916 λ.
472 3876 501 3917 κ.
521 3875 572 3920 ατ.
594 3854 666 3913 haec
687 3864 816 3914 contorta
834 3855 986 3914 verborum
1007 3854 1164 3923 collocatio,
1179 3870 1278 3929 quam·

209 3976 296 4036 quam
312 3957 443 4018 Picoolos
464 3980 527 4019 eam
549 3960 700 4040 improbat,
722 3981 819 4040 neque
839 3970 917 4019 caret
937 3961 1059 4019 aliorum
1080 3955 1278 4037 exemplorum

208 4063 394 4123 similitudine
416 4072 445 4124 et
465 4074 584 4145 propter
604 4073 716 4124 acutam
728 4066 849 4124 formam
864 4067 1000 4126 orationis
1015 4064 1133 4123 consilio
1148 4065 1279 4142 quaesita
