3034 4675
661 304 872 368 ..86-

234 490 254 533 a
282 476 409 534 numeris
437 476 578 551 insignem
607 478 637 537 in
665 480 781 539 senario
810 481 907 540 sedem
935 481 1098 557 accipiunt,
1115 541 1118 547 ,
1135 483 1226 558 magis
1252 500 1301 543 ex·

104 553 108 562 ¹
184 651 190 662 ὁ
235 581 454 657 splendescunt,
485 599 519 642 ac
541 583 626 642 simul
648 583 825 644 adiectivum
853 592 883 646 et
908 585 1120 646 subsuntivum
1141 588 1197 648 hoc
1216 589 1302 648 modo

234 684 266 742 in
288 684 345 746 fine
367 686 494 747 colorum
516 688 704 751 collocantur.
742 688 781 751 ci.
805 690 910 750 Aeaci.
933 691 1041 766 Coeph.
1064 694 1083 752 2
1150 726 1152 728 >

399 787 499 871 σωτὴρ
520 796 606 868 γενοῦ
625 810 677 866 μοι
698 788 858 870 σύμμαχός
878 787 906 851 τ’
925 789 1100 875 αἰτουμένῳ,

233 892 337 968 Eurip.
363 893 443 955 Med.
470 896 542 969 390,
577 895 756 956 Moschionis
778 896 834 971 frg.
858 898 885 974 7,
923 899 1002 959 auth.
1023 899 1086 959 Pal.
1103 899 1161 958 VII
1183 900 1256 974 237,
1273 897 1301 958 1.
1363 973 1365 978 y

234 997 368 1057 similiter
395 1000 519 1059 alterum
542 1000 661 1059 verbum
691 1002 894 1075 interpositum
920 1009 966 1063 eet
986 1004 1089 1080 Eurip.
1111 1003 1201 1080 Hipp.
1220 1005 1301 1064 1260

387 1096 450 1159 οὐδ’
472 1098 582 1179 ἥδομαι
604 1092 699 1162 τοῖσδ’
725 1094 790 1161 oet’
816 1101 991 1182 ἓττάχθομαι
1013 1112 1125 1182 κακοῖς,

232 1204 283 1264 Or.
308 1205 367 1267 571

442 1305 585 1388 ἐζημίωσε
607 1308 722 1394 πατέρα
744 1306 906 1372 κάπέκτειν’
932 1311 1012 1391 ἐμόν,

231 1435 263 1488 et
284 1430 372 1506 Soph.
389 1435 493 1494 Trach.
516 1436 578 1495 470
592 1455 635 1511 sq.
666 1439 753 1498 valde
774 1438 961 1501 artificiosam
982 1448 1014 1503 et
1034 1446 1197 1502 contortam
1212 1442 1302 1500 eollo·

231 1536 375 1597 cationem
397 1556 553 1615 cognoscas
581 1542 612 1601 in
634 1543 806 1603 Callimachi
827 1545 1034 1620 epigrammate
1055 1548 1096 1606 40
1119 1541 1214 1624 (auth.
1236 1547 1300 1605 Pel

123 1637 125 1642 ’
231 1637 309 1702 xm
331 1638 385 1720 25)

380 1749 383 1754 ’
484 1746 626 1830 Δήμητρι
647 1751 686 1832 τῇ
706 1749 832 1832 Πυλαίῃ

419 1855 457 1932 τῇ
478 1858 585 1911 τοῦτον
606 1851 659 1911 οὐκ
681 1852 850 1932 Πελασγῶν

426 1951 572 2036 Ἀκρίσιος
593 1955 646 2016 τὸν
668 1957 739 2036 νηὸν
760 1957 908 2035 εθείματο,
931 1952 1026 2018 ταῦθ’
1048 1956 1064 2017 ὁ
1087 1957 1300 2043 Ναυκρατίτης

418 2059 468 2119 καὶ
491 2062 530 2143 τῇ
551 2059 635 2122 κάτω
655 2062 789 2144 θυγατρὶ

420 2161 459 2221 τὰ
478 2161 563 2245 δῶρα
587 2161 763 2243 Τιμόθημας

318 2274 418 2339 εἵσατο
440 2288 500 2341 τῶν
522 2278 650 2363 κερθεάκ
671 2280 896 2361 δεκατεύματα·
920 2282 969 2343 καὶ
991 2283 1049 2367 γὰρ
1070 2279 1176 2357 εὕξαθ’
1197 2282 1301 2355 οὕτως.

231 2392 350 2458 praeter
371 2392 513 2468 exemplo,
534 2408 608 2464 quae
628 2394 751 2452 eontulit
766 2390 960 2454 Schneiderus
973 2395 1005 2453 in
1018 2394 1130 2456 Gallim.
1147 2395 1163 2453 I
1183 2413 1212 2470 p.
1228 2396 1300 2470 206,

231 2486 270 2548 cf.
286 2490 437 2567 Posidippi
451 2496 631 2571 epigramma
647 2498 678 2561 in
693 2498 819 2558 Iacobsii
833 2498 958 2574 append.
974 2501 1054 2561 auth.
1070 2500 1134 2562 Pal.
1150 2501 1200 2571 64,
1224 2502 1242 2559 5
1257 2518 1299 2573 so.

317 2591 447 2676 Σαπφὼ,
470 2595 521 2657 σαὶ
541 2594 574 2657 δὲ
595 2594 715 2675 μένουσι
737 2597 826 2680 φίλης
847 2595 891 2660 ἔτι
913 2599 962 2659 καὶ
983 2598 1136 2678 μενέουσιν

359 2687 437 2780 ᾠδῆς
457 2698 489 2761 αἲ
510 2700 614 2764 λευκαὶ
636 2702 840 2785 φθεγγόμεναι
862 2703 983 2776 σελίδες.

232 2822 326 2880 neque
347 2809 521 2883 scriptorum
541 2829 701 2872 sermonem
723 2813 760 2873 ab
783 2814 838 2873 hac
860 2815 1031 2875 traiectione
1052 2814 1212 2873 abhorrere
1224 2829 1302 2872 com·

231 2914 339 2987 probat
365 2916 475 2978 Herod.
501 2919 547 2977 III
570 2917 630 2978 135
661 2908 876 2994 ἕξηγησάμενος
897 2924 997 2976 πᾶσαν
1018 2911 1227 2986 καλέτειθὲξας
1247 2913 1302 2992 τὴν

230 3009 372 3078 Ἑλλάδα.
410 3022 502 3082 maior
524 3029 620 3082 autem
641 3023 764 3082 audacia
787 3029 818 3082 et
839 3025 926 3084 valde
946 3025 1084 3085 notabilis
1104 3024 1222 3099 existit,v
1236 3040 1302 3082 cum

231 3125 356 3184 alterum
378 3127 537 3189 membrum
559 3128 762 3202 interpositum
778 3129 866 3187 aliam
881 3131 1124 3190 consumationem
1146 3128 1203 3189 sibi
1224 3129 1301 3188 desi·

232 3229 316 3289 derat
342 3237 428 3304 atque
456 3233 627 3293 vocabulum
657 3236 864 3309 transpositum
889 3233 957 3292 huic
986 3238 1148 3294 structurae
1170 3248 1301 3293 accomo-

231 3335 328 3395 datur.
373 3352 429 3408 quo
449 3340 578 3412 pertinet
597 3340 701 3414 Eurip.
724 3341 795 3398 Hec.
820 3338 901 3398 1047
1183 3412 1185 3415 v

359 3429 380 3515 ἦ
401 3436 458 3519 γὰρ
480 3442 620 3510 καθεῖλες
645 3438 752 3523 Θρῇκα
775 3439 824 3498 καὶ
847 3444 966 3519 κρατεῖς
986 3435 1086 3513 ξένους

232 3577 299 3620 nam
320 3566 410 3624 verba
428 3566 503 3624 hunc
523 3568 553 3624 in
575 3567 691 3625 modum
712 3565 913 3640 coniungenda
934 3581 997 3624 esse
1017 3581 1187 3640 persuasum
1208 3563 1301 3624 habeo

231 3655 252 3740 ἦ
273 3661 330 3745 γὰρ
351 3668 492 3739 καθεῖλες
517 3666 625 3752 Θρῇκα
647 3664 727 3739 ξένον
750 3666 801 3727 καὶ
823 3671 943 3747 κρατεῖς
964 3670 1027 3729 scil.
1051 3665 1189 3746 adreel).

231 3810 436 3823 ·-——-—-—-

319 3899 340 3966 ¹)
361 3906 494 3971 Pilugkiua
511 3907 617 3969 quidem
634 3908 702 3956 hane
720 3905 880 3955 traiectionis
898 3905 1012 3968 speciem
1030 3920 1085 3954 non
1104 3904 1237 3968 agnoscit,
1254 3905 1302 3952 sed

234 3992 327 4062 Θρῇκα
345 4008 392 4057 pro
413 3996 574 4044 substantivo
591 3996 671 4044 habet
695 4003 722 4044 et
739 3995 817 4052 ξένου
836 3993 997 4056 pronominis
1021 3987 1109 4045 αὐτοῦ
1132 3995 1203 4042 vices
1223 3993 1301 4041 austi-

232 4094 294 4129 nere
313 4083 454 4145 contendit,
472 4098 530 4132 cum
548 4084 660 4147 simplex
677 4097 821 4146 pronomen
838 4084 867 4132 in
884 4083 936 4132 fine
954 4082 1098 4132 sententiae
1116 4083 1180 4131 satia
1200 4082 1301 4144 laugui-

232 4171 390 4218 domasset
425 4172 495 4233 quod
514 4171 536 4220 si
554 4173 718 4234 comprobes,
743 4172 819 4221 alteri
842 4169 1005 4221 substantivo
1023 4170 1161 4220 articulum
1183 4170 1303 4243 additum
