3034 4675
641 255 940 328 --178-’ἰ

308 434 396 514 Apud
413 435 541 494 cultioris
556 437 657 494 aetatis
671 446 772 514 poetas
786 425 903 494 non'ita
924 455 1010 515 saepe
1031 436 1089 496 tale
1110 436 1289 515 hyperbaton

221 543 357 613 occurrit,
390 550 422 599 ut
453 543 593 600 enuntiati
623 544 795 600 constructio
824 544 991 621 interposito
1019 542 1109 600 altero
1129 541 1217 599 verbo
1242 549 1291 598 aut

224 647 313 706 verbo
336 656 364 704 et
385 649 502 706 nornine
523 648 755 725 interrumpatur.
798 649 930 723 graviora
951 656 1062 706 tantum
1082 648 1211 725 respicio.
1255 647 1290 703 cf.

223 753 310 831 Prop.
335 753 379 810 IV
403 763 430 823 4,
459 759 493 812 15
517 772 582 830 sqq.

373 858 463 940 inqu»
488 856 556 918 siau
578 876 669 918 carae
691 856 782 919 aicae
804 868 941 939 spectare
959 857 1077 939 puellae

415 961 570 1044 iact'prz'am,
588 972 621 1024 et
642 962 737 1024 titubo
758 964 877 1045 oppidu
898 973 989 1044 captu
1011 963 1117 1045 iopam,

374 1068 432 1129 tcta
455 1068 572 1149 sapricio
595 1068 665 1151 equi
685 1078 712 1129 et
735 1067 874 1129 braccati
894 1067 999 1129 militie
1021 1090 1120 1132 arcuo.

222 1188 352 1260 obiecta,
376 1206 452 1266 quae
469 1206 554 1245 versu
582 1195 614 1247 17
639 1190 832 1257 continentur,
854 1185 982 1266 pendent
1002 1207 1019 1244 a
1040 1186 1135 1246 verbis
1158 1195 1293 1266 ‘spectare

171 1312 174 1320 ¹
223 1295 366 1373 incipiam’
391 1299 421 1351 et
442 1295 548 1353 inserto
570 1293 660 1352 altero
676 1292 804 1353 membro
819 1291 999 1352 dirimuntur.
1026 1295 1060 1351 cf.
1077 1293 1291 1352 Lachmannum

221 1398 259 1457 ad
274 1399 361 1477 Prop.
379 1419 406 1477 p.
425 1402 495 1470 242,
520 1400 571 1477 qui
592 1407 705 1477 practer
726 1398 814 1478 Prop.
830 1398 874 1456 IV
889 1405 916 1471 3,
937 1406 974 1460 41
993 1419 1046 1477 sq,
1069 1398 1112 1457 IV
1136 1406 1163 1470 6,
1187 1406 1218 1459 ll
1236 1416 1290 1475 sq,

222 1504 275 1564 Ov.
299 1524 354 1561 am.
378 1503 425 1561 III
453 1511 498 1576 14,
528 1510 650 1564 31-34
669 1523 719 1563 ex
746 1505 852 1561 nostris
880 1506 972 1583 poetis
1000 1503 1152 1563 versiculos
1180 1503 1292 1581 aliquos

222 1608 353 1668 adduxit.
399 1629 451 1688 por
473 1609 566 1667 simile
588 1610 771 1688 hyperbaton
794 1609 931 1689 explicari
952 1610 1037 1668 velim
1057 1610 1119 1669 Cat.
1145 1613 1192 1675 88,
1218 1616 1228 1669 1
1248 1628 1290 1685 sq.

329 1727 403 1810 quid
424 1725 499 1806 facit
521 1727 558 1802 io,
584 1723 674 1801 Gelli,
698 1728 751 1811 qui
770 1750 837 1789 cum
858 1739 954 1789 matre
976 1739 1064 1811 atque
1087 1749 1192 1812 sorore

445 1833 552 1913 prurit
576 1842 603 1893 tt
625 1833 748 1897 abiectio
766 1833 930 1916 percipilct
951 1834 1067 1895 tunicis.
1167 1845 1168 1848 ’

224 1951 312 2009 verba
336 1960 409 2012 ‘cum
432 1959 522 2008 matre
543 1960 631 2029 atque
653 1955 757 2011 sorore'
786 1956 943 2029 coniungas
964 1973 1028 2012 cum
1052 1939 1229 2030 pervigilat,
1254 1955 1292 2009 ita

222 2065 255 2116 ut
278 2057 387 2135 ‘prurit’
411 2076 464 2135 per
485 2055 611 2115 medium
633 2061 670 2117 sit
685 2058 804 2117 illatum.
837 2058 1117 2117 commemorandum
1133 2067 1175 2115 est
1189 2056 1293 2115 deinde

223 2162 386 2221 huiusmodi
411 2161 561 2221 verborum
584 2165 765 2222 traiectiones
787 2183 872 2242 saepe
894 2163 1089 2222 obsecundare
1102 2182 1293 2232 numerorum

223 2270 385 2326 necessitati
408 2269 454 2326 vel
477 2268 680 2343 commoditati,
703 2269 782 2327 velut
803 2269 873 2327 Luc.
897 2269 999 2330 Phars.
1023 2270 1051 2328 V
1074 2273 1132 2329 800

350 2391 514 2463 ferturad
536 2411 711 2472 aequorcus,
735 2413 771 2452 uc
793 2411 824 2451 oe
841 2392 1020 2472 prosternit,
1043 2411 1163 2464 arettas,

222 2510 272 2569 ubi
303 2510 473 2571 attributum
504 2521 532 2569 et
559 2512 768 2571 substantivum
798 2533 878 2571 more
908 2512 956 2570 illo
986 2515 1091 2571 usitato
1118 2510 1293 2569 hemistichia

223 2636 359 2675 versuum
379 2615 563 2674 concludunt.
614 2618 738 2676 conferri
759 2627 881 2696 possunt
900 2618 957 2675 alia
980 2618 1112 2695 exempla
1134 2637 1208 2694 quae
1230 2618 1292 2694 qui·

224 2720 288 2780 dem
317 2741 377 2779 non
401 2723 503 2779 intima
531 2724 701 2796 cognatione
729 2742 794 2781 cum
824 2723 877 2779 hac
904 2733 1003 2780 nostra
1024 2742 1109 2780 causa
1131 2722 1291 2793 cohaerent,

223 2817 345 2904 quorum
362 2835 459 2884 autem
481 2829 654 2903 comparatio
674 2848 755 2886 suam
778 2827 866 2886 habet
888 2828 942 2885 hoo
964 2828 1026 2887 loco
1049 2827 1215 2901 utilitatem,
1238 2826 1291 2886 Ov.

222 2940 289 2990 met.
312 2935 353 2994 IV
378 2936 436 2993 340
460 2952 524 3010 sqq.
1049 3017 1076 3079 Ἡ

985 3029 1017 3079 at
1041 3041 1052 3079 r
1076 3038 1091 3078 e

393 3118 503 3180 scilicet
523 3129 556 3178 ut
578 3120 681 3181 vocatis
704 3131 730 3182 et
753 3120 961 3191 inobservatas
984 3120 1138 3181 inberbis

394 3220 452 3281 huc
473 3220 496 3281 it
519 3229 546 3279 et
568 3220 637 3281 hiric
658 3221 746 3293 ittam

227 3301 463 3417 (construendum
492 3347 535 3396 est
563 3345 604 3395 ‘ut
633 3343 729 3397 vacuis
758 3342 788 3397 in
818 3340 914 3398 herbis
936 3349 965 3397 et
986 3338 1216 3420 inobservatus'),
1239 3338 1292 3398 Or.

224 3444 297 3500 trist.
321 3442 335 3499 Ι
359 3447 386 3514 8,
412 3448 461 3513 24,
485 3443 556 3502 Luc.
579 3443 679 3502 Phars.
704 3448 776 3507 VIII
801 3450 860 3506 344

370 3560 445 3622 uidit
467 3561 507 3622 ab
526 3560 693 3642 Hyrcanis,
716 3565 854 3645 Indoque
874 3564 913 3623 ab
936 3565 1044 3652 littore,
1068 3562 1158 3626 sitris.
1245 3626 1249 3633 ,

226 3681 326 3757 itaque
353 3678 459 3738 Catulli
485 3679 564 3739 loeus
592 3684 671 3741 vario
698 3680 783 3739 modo
813 3691 967 3761 temptatus
994 3680 1134 3760 exemplis
1155 3681 1294 3740 similibus

226 3785 294 3840 satis
316 3781 480 3843 defenditur
500 3792 550 3857 64,
574 3791 632 3848 184

417 3901 580 3971 praeterea
601 3891 683 3954 atilio
704 3891 785 3965 trus,
808 3892 873 3953 eota
893 3892 1003 3964 iacula,
1024 3902 1108 3953 tecte.

227 4001 285 4062 duo
314 4010 463 4067 enuntiata
489 4012 519 4068 in
554 4020 708 4088 angustum
738 4020 837 4069 coacta
865 4011 910 4068 vel
941 4010 1043 4088 copula
1072 4009 1131 4067 ‘est’
1159 4009 1293 4080 carentia,

226 4108 267 4164 ita
301 4119 367 4167 sunt
399 4115 506 4190 posita,
540 4124 573 4173 ut
604 4118 680 4173 inter
708 4134 771 4174 sese
799 4119 881 4194 quasi
911 4118 1017 4173 innexa
1044 4132 1106 4172 esse
1134 4110 1292 4170 videantur.
