3034 4675
656 224 865 288 „37-

311 399 399 474 Apud
429 400 540 474 priscos
569 400 739 478 Latinorum
765 404 866 474 poetas
887 417 955 459 usus
985 400 1053 473 ille,
1083 414 1136 473 per
1156 398 1296 473 bipartita

219 506 366 565 orationis
386 505 516 565 membra
540 504 712 564 attributum
738 511 768 564 et
796 504 1009 566 substantivum
1031 504 1214 577 disponendi,
1237 521 1295 563 non

220 609 388 685 repetitum
411 616 441 670 at
463 611 594 672 cultioris
616 611 720 685 aetatis
741 615 845 684 poetae
863 610 948 669 huius
966 609 1182 670 consuetudinis
1204 609 1297 668 multa

218 717 360 791 exempla
388 716 584 790 suppeditant.
636 721 723 790 atquc
752 715 874 775 Ovidius
902 715 957 773 bac
985 715 1154 775 traiectione
1181 716 1296 788 elegan-

220 822 334 882 tissime
356 822 446 882 verba
467 839 520 897 per
542 838 656 883 versum
679 819 828 881 distribuit
849 825 904 880 art.
928 819 943 877 I
966 821 985 879 3

354 951 419 1008 crte
442 940 518 1003 citae
539 939 661 1024 veloque
681 950 763 1002 rates
784 959 926 1021 remoque
947 949 1114 1013 moventur,

219 1066 277 1125 nbi
299 1081 333 1126 co
355 1067 433 1139 qnod
455 1065 626 1125 attributum
648 1072 678 1124 et
699 1064 911 1125 substantivum
941 1064 1087 1124 disiuncta
1107 1072 1194 1138 atque
1215 1065 1296 1125 abla-

205 1171 296 1230 ¹tivis
325 1171 385 1231 illis
414 1172 546 1231 immixta
574 1178 657 1243 sunt,
687 1171 719 1230 hi
746 1170 804 1244 ipsi
827 1169 959 1244 graviore
986 1186 1051 1229 cum
1077 1187 1148 1231 sono
1169 1187 1296 1244 pronun·
1368 1178 1371 1182 ’

223 1276 336 1335 tiantur
357 1277 388 1334 in
410 1277 483 1350 ipsis
505 1293 604 1336 versus
619 1276 761 1351 tripartiti
779 1276 907 1353 colorum
929 1275 1021 1335 initiis
1043 1276 1187 1348 collocati,
1210 1282 1296 1350 atque

219 1387 319 1441 totum
340 1382 520 1441 enuntiatum
543 1382 743 1441 sollertissime
763 1382 793 1440 in
814 1386 905 1440 semet
925 1380 1020 1454 ipsum
1041 1381 1219 1454 implicatum
1241 1387 1295 1459 est,

221 1485 363 1559 rhythmo
390 1487 517 1546 suaviter
546 1487 727 1546 decurrente.
755 1492 909 1561 practerea
933 1484 972 1543 ci.
996 1485 1068 1544 Hor·
1089 1491 1144 1545 sat.
1167 1488 1182 1545 I
1205 1489 1234 1559 4,
1256 1488 1293 1547 11

220 1575 223 1584 ’
311 1586 396 1649 nullu
417 1587 546 1649 taberna
567 1608 649 1650 meos
669 1587 779 1651 lrabeat
800 1607 893 1671 oeque
910 1587 981 1670 pilo
1000 1586 1123 1665 libellos,

220 1694 280 1755 0v.
304 1712 359 1754 am.
383 1695 397 1753 Ι
421 1696 471 1766 10,
496 1695 535 1755 19

333 1817 387 1858 nee
419 1795 515 1859 Venus
537 1806 613 1880 apto
634 1795 709 1877 feris
743 1795 863 1858 [fenera
885 1817 938 1859 nec
948 1797 1038 1878 filias
1060 1799 1166 1872 armis,

222 1911 297 1968 met.
320 1904 361 1963 IV
384 1906 445 1965 423

331 2016 445 2068 uertere
465 2005 626 2069 Maeonios
643 2006 815 2089 peiaqoqae
833 2005 1015 2092 diminerqere
1036 2018 1157 2083 motas,

218 2139 256 2192 et
270 2132 358 2207 Prop.
374 2133 421 2192 Ill
436 2135 487 2207 28,
505 2133 533 2192 1.
556 2132 587 2190 in
601 2131 661 2190 illis
674 2147 745 2205 quas
767 2131 996 2190 enumeravimus
1022 2134 1295 2206 transpositionibus

222 2239 348 2297 multum
379 2238 504 2298 valuisse
533 2236 661 2297 studium
688 2234 872 2295 hemistichia
898 2252 1031 2296 versuum
1061 2238 1243 2300 substantivo
1266 2248 1296 2300 et

220 2344 371 2404 adiectivo
393 2344 585 2405 concludendi
611 2340 697 2402 facile
719 2342 881 2414 intellegas.
921 2342 1025 2416 quibos
1053 2344 1160 2404 addam
1187 2335 1296 2408 similia

223 2449 313 2523 Prop.
334 2450 381 2508 ΙΙΙ
404 2450 453 2525 31,
476 2450 514 2509 15
537 2465 580 2521 sq,

312 2551 419 2614 deiram
440 2552 519 2614 iuter
539 2560 670 2612 murem
692 2550 765 2612 deae
787 2548 853 2632 ipse
873 2549 1008 2633 interque
1030 2571 1168 2614 sororem

353 2644 492 2739 Pythias
507 2654 540 2717 in
560 2655 651 2737 leupo
673 2653 813 2716 carmina
834 2663 912 2716 ceste
935 2664 1032 2735 sonat,

219 2764 280 2824 (lv.
302 2765 378 2825 trist.
401 2765 441 2839 Π,
466 2764 526 2823 569
549 2779 592 2836 sq.

354 2885 416 2928 ooo
435 2865 529 2947 mitae
549 2864 663 2927 poetria
684 2865 781 2927 uuum
801 2866 934 2946 paudere
959 2862 1109 2942 Quiritem

397 2991 542 3052 caperer,
565 2979 596 3033 ot
610 2969 728 3041 ‚multoe
749 2967 912 3031 indoluisse
934 2968 1033 3031 maiia.

219 3223 284 3259 esse
303 3216 450 3272 exspectes,
479 3209 665 3257 codem-modo
690 3220 742 3268 quo
766 3206 816 3256 τοῦ
840 3197 942 3273 ἀνδρός
960 3206 1109 3271 desiderare
1127 3208 1246 3274 deberes,
1270 3211 1293 3260 si

221 3297 276 3345 hoc
294 3296 418 3359 scriptum
436 3295 534 3346 suisset.
570 3297 672 3346 accedit
695 3297 765 3357 quod
790 3311 814 3343 v.
833 3296 881 3346 114
908 3303 934 3344 ct
957 3295 1007 3345 890
1033 3296 1131 3346 dictum
1158 3306 1198 3347 cst
1223 3294 1297 3371 Θρῄξ

224 3386 314 3448 ξένος,
344 3384 381 3432 ita
407 3390 437 3432 ut
460 3377 535 3456 Θρῄξ
555 3400 602 3449 pro
628 3384 757 3433 adiectivo
784 3384 932 3433 habendum
957 3383 998 3432 sit.
1033 3385 1120 3446 itaque
1143 3388 1295 3438 coniectura

225 3474 384 3535 Hermoni,
409 3473 454 3534 qui
479 3474 542 3523 olim
566 3473 679 3523 coniecit
701 3472 792 3531 ξένον,
816 3478 846 3520 nt
867 3472 915 3521 καὶ
938 3476 1045 3541 κρατεῖς
1062 3476 1096 3521 sit
1113 3475 1227 3536 positum
1243 3473 1293 3527 eet

222 3563 328 3629 μέσου,
360 3561 529 3624 praeferenda
552 3569 634 3625 esset,
661 3561 711 3611 nisi
737 3561 917 3610 traiectioncm
943 3561 1096 3610 substantivi
1121 3564 1198 3621 ξένου
1226 3565 1294 3614 siout

222 3651 285 3700 loco
303 3664 383 3713 snpra
401 3658 601 3700 commemorato
619 3649 718 3714 (Enrip.
735 3649 781 3700 Or.
800 3648 860 3712 511)
878 3648 1007 3710 simulque
1024 3652 1204 3701 attractionem
1222 3654 1294 3704 verbi

222 3739 334 3789 alterius
351 3739 504 3801 intellegere
522 3739 620 3791 liceret.
655 3753 733 3802 quam
749 3738 952 3801 explicationem
971 3738 1091 3800 equidem
1108 3739 1217 3803 probare
1236 3756 1293 3790 ma·

220 3828 280 3891 lim,
297 3843 456 3891 quamquam
476 3827 543 3876 alius
560 3828 642 3892 locus,
660 3827 704 3877 ubi
722 3842 781 3877 cum
799 3827 843 3877 tali
863 3829 1014 3879 traiectione
1027 3822 1148 3879 attractio
1166 3830 1293 3892 quaedam

219 3917 366 3966 coniuncto
385 3917 427 3979 sit,
447 3923 550 3980 praesto
567 3930 621 3964 uon
639 3925 685 3965 est.
720 3932 781 3966 nam
801 3918 824 3966 si
841 3924 920 3980 poeta
937 3918 1078 3981 aliqnando
1096 3914 1216 3964 licentius
1235 3930 1293 3965 eva·

218 4013 364 4068 gatonem,
389 4007 445 4055 eius
463 4005 599 4056 audaciam
617 4018 670 4054 non
689 4018 846 4068 compescas,
875 4010 953 4055 modo
970 4009 1066 4069 maduo
1084 4021 1115 4055 ac
1132 4003 1217 4054 flexus
1235 4020 1294 4069 per·

220 4094 300 4154 sequi
321 4095 413 4159 possis,
432 4109 479 4158 per
495 4107 561 4158 quos
579 4096 613 4143 ad
631 4093 701 4144 illam
719 4093 884 4143 insolentiam
903 4095 1004 4145 delatus
1024 4109 1080 4146 csse
1096 4094 1207 4143 videtur.
