3034 4675
675 238 888 302 ‚67-

246 404 408 485 hyperbato
438 409 559 489 copulae
586 408 640 468 καί
664 412 694 468 in
723 412 826 490 Eurip.
848 409 926 468 Med.
956 416 1009 473 181
1035 430 1078 489 sq.
1111 430 1148 469 cx
1168 409 1319 472 difficulta-

246 511 323 572 tibus
345 521 375 571 te
397 513 594 594 expediveris3
617 513 726 575 Orestis
749 518 827 574 enim
847 516 909 575 loco
927 536 953 574 v.
972 520 1031 578 299
1055 514 1222 578 adverbium
1244 516 1318 598 pria

247 620 365 677 minime
387 618 542 679 defendere
563 620 631 679 licet
653 620 701 702 (cf.
719 620 756 681 G.
776 622 975 681 Hermannum
996 620 1016 678 l.
1032 640 1055 679 c.
1073 644 1101 700 p.
1121 622 1206 704 255).
1243 644 1319 682 unus

249 741 266 780 e
290 727 382 802 poetis
410 727 526 802 tragicis
553 734 641 811 restat
668 726 763 809 locus,
794 728 846 806 qui
873 727 1033 805 Hauptium
1063 727 1169 804 fugisse
1193 726 1317 787 videtur.

247 828 337 909 Soph.
360 830 437 900 Phil.
464 836 543 893 1298
570 832 642 891 haec
671 839 772 891 extant
800 834 831 890 in
859 829 1004 889 codicibus
1032 827 1118 913 κρᾶτ’
1140 830 1199 891 ἀπὸ
1220 827 1319 892 πάντα

248 932 299 992 καὶ
321 934 427 1015 ἄρθρα
450 934 532 1013 τέμοι
550 936 628 1017 χερί.
672 957 709 996 ne
730 928 829 996 πάντα
853 956 918 994 curn
939 944 1036 1017 κρᾶτα
1058 940 1223 1014 coniungas,
1246 939 1319 997 ratio

249 1021 377 1119 impedit.
411 1044 435 1101 si
456 1043 545 1120 igitur
565 1042 704 1101 librorum
726 1044 895 1122 scripturam
913 1043 1038 1100 retinere
1050 1043 1130 1117 velis,
1152 1044 1246 1102 facere
1260 1063 1320 1102 non

250 1148 366 1223 poteris,
388 1148 459 1225 quin
481 1145 535 1207 καί
554 1147 710 1207 insolenter
730 1150 881 1207 traiectum
901 1164 964 1205 esse
985 1146 1102 1206 iudices.
1144 1168 1319 1228 quamquam

251 1251 310 1309 leni
346 1250 501 1314 verborum
541 1255 763 1334 transpositione
802 1250 986 1331 hyperbaton
1018 1254 1158 1312 removeri
1193 1253 1319 1331 Bergkio

250 1355 374 1415 libenter
398 1356 547 1417 concedas.
590 1358 634 1418 his
662 1359 802 1439 exemplis
831 1360 1002 1436 comparatis
1030 1359 1087 1416 iam
1109 1358 1321 1439 antiquioribus

195 1493 200 1498 ·
251 1460 426 1521 Graecorum
454 1465 546 1543 poetis
574 1463 759 1544 hyperbaton
788 1463 909 1544 copulae
942 1462 996 1522 καί
1025 1465 1236 1544 impertiamus,
1269 1464 1320 1542 qui

251 1569 336 1625 etiam
351 1570 382 1625 in
395 1568 453 1628 alia
470 1570 646 1629 traiectionis
661 1570 815 1630 insolentia
828 1569 1035 1628 recentioribus
1054 1588 1153 1627 ansam
1164 1567 1320 1647 dederunt,

251 1671 329 1750 quod
356 1676 444 1733 totius
474 1682 588 1734 nostrae
620 1674 828 1755 disquisitionis
855 1677 1048 1754 perpetuitate
1072 1673 1225 1734 stabilitur.
1269 1673 1320 1733 ssd

249 1775 379 1837 modeste
407 1777 562 1839 admodum
590 1789 618 1838 et
645 1800 785 1861 perquam
813 1800 878 1839 raro
904 1779 947 1838 illi
972 1780 1048 1837 hanc
1076 1778 1237 1838 libertatem
1265 1779 1320 1837 sibi

250 1881 487 1962 adsumpserunt,
509 1882 537 1944 oi
558 1883 695 1969 νεώτεροι
716 1895 813 1944 autem
835 1888 1007 1944 traiecerunt
1028 1886 1142 1965 saepius
1162 1884 1216 1943 καί
1234 1886 1321 1964 parti-

251 1987 352 2051 culam.
394 1990 428 2047 cf.
453 1988 564 2049 Gallim.
587 1990 617 2050 h.
640 1994 671 2050 in
692 1991 759 2051 Del.
787 1998 820 2053 ll
846 2010 889 2069 sq.

379 2094 460 2175 κείνη
482 2091 517 2154 t'
539 2094 704 2174 ἠνεμόεσσα
725 2094 776 2155 καὶ
797 2084 927 2177 ἷίτροφος
947 2088 994 2154 οἷά
1016 2090 1051 2154 θ’
1073 2094 1199 2174 attath}

380 2198 518 2272 αἰθυίαις
539 2200 589 2260 καὶ
605 2203 719 2278 μᾶλλον
740 2199 899 2282 ἕπίδρομος
919 2198 1010 2282 ἠέπερ
1025 2198 1138 2271 ἵπποις.

252 2305 421 2382 particulam
436 2316 523 2387 poeta
537 2306 585 2367 hic
597 2316 716 2389 propter
735 2309 820 2366 metri
839 2308 979 2366 rationem
996 2304 1121 2367 secundo
1135 2306 1198 2366 loco
1216 2308 1322 2388 posuit,

252 2420 285 2468 ut
306 2412 413 2490 optime
434 2412 579 2493 Hauptius
601 2412 822 2485 demonstravit,
846 2432 1021 2490 quamquam
1043 2412 1127 2473 facile
1146 2431 1260 2473 versum
1282 2415 1323 2470 ita

251 2517 423 2576 constituere
444 2520 538 2597 potuit

412 2621 555 2707 αἲθοίῃσί
572 2646 605 2684 τε
625 2627 740 2703 μᾶλλον
762 2623 920 2705 ἓπίιὶρομος
941 2618 1034 2703 ἠέπερ
1053 2620 1165 2697 ἵπποις,

255 2735 330 2787 ‘nam
352 2748 416 2787 cum
438 2731 543 2789 multos
564 2730 671 2790 habeat
692 2750 800 2804 versus,
816 2750 939 2811 qnorum
960 2728 1048 2809 pedes
1068 2728 1143 2786 alter
1161 2735 1190 2786 et
1203 2734 1323 2806 quartus

254 2831 362 2912 dactyli
391 2843 473 2910 sunt,
503 2834 612 2915 ubique
640 2816 730 2910 cavit,
760 2856 798 2896 ne
825 2837 870 2894 his
898 2833 1010 2894 duobus
1035 2832 1158 2910 dactylis
1186 2834 1324 2891 orationis

253 2940 410 3018 particulae
449 2942 608 3020 aequaliter
639 2942 876 3001 terminarentur'
917 2938 966 3020 (cf.
998 2956 1096 3017 opusc.
1126 2941 1141 2999 Ι
1177 2957 1205 3015 p·
1238 2935 1320 3016 135).
1362 2924 1364 2927 ¹

250 3047 390 3104 'maiorem
412 3048 609 3128 exemplorum
629 3066 780 3108 numerum
803 3066 820 3104 e
840 3048 933 3126 poetis
953 3041 1160 3103 recentioribus
1181 3044 1326 3117 congessit

256 3151 402 3230 Hauptius
428 3173 457 3230 p.
486 3160 543 3216 184
567 3173 610 3232 sq.
655 3154 690 3211 cf.
713 3154 800 3210 ctiam
821 3152 862 3209 M.
883 3147 1107 3220 Schneidcrum,
1130 3144 1167 3205 de
1188 3146 1324 3224 Dionysii

253 3256 421 3334 Periegetae
442 3268 504 3317 arte
524 3261 642 3318 metrica
663 3267 692 3316 et
711 3259 896 3334 grammatica
918 3252 1012 3334 (Lips.
1040 3257 1133 3334 1882)
1159 3274 1187 3330 p·
1213 3257 1252 3314 29
1268 3272 1323 3330 sq„

255 3361 369 3421 Colutb.
387 3368 458 3437 299,
471 3366 571 3425 Nonni
590 3365 713 3442 Dionys.
729 3361 822 3421 XVII
842 3368 908 3433 157,
922 3362 1016 3437 epigr.
1035 3379 1082 3439 ap.
1097 3356 1187 3417 Kaib.
1200 3378 1244 3416 nr.
1262 3362 1323 3419 618

255 3487 281 3525 v.
308 3476 334 3541 7,
357 3488 402 3528 nr.
427 3475 485 3531 851
510 3490 537 3528 v.
560 3476 589 3542 6,
614 3475 671 3532 861
696 3489 723 3526 r.
749 3474 776 3529 3.

341 3573 517 3633 Graecorum
538 3574 697 3653 particulae
718 3571 772 3631 κοί
796 3571 874 3650 apud
894 3573 1039 3630 Romanos
1061 3568 1238 3647 respondent
1258 3587 1324 3626 con-

255 3680 415 3738 iunctiones
439 3687 485 3753 ‘et
508 3689 604 3760 atque,
627 3681 680 3753 ac',
711 3677 873 3756 dequibus
902 3684 930 3734 et
959 3677 1029 3753 ipsis
1058 3675 1203 3753 Hauptius
1225 3673 1321 3751 dispu-

255 3787 327 3843 tavit
355 3805 452 3862 opusc.
476 3786 492 3845 Ι
514 3807 542 3863 p.
571 3789 744 3849 tls—126.
789 3792 821 3841 ut
849 3785 881 3840 in
908 3781 1086 3842 Graecorum
1115 3798 1246 3839 sermone
1273 3777 1328 3837 καί

256 3893 341 3950 etiam
362 3895 509 3950 notionem
531 3889 698 3949 intendendi
720 3892 860 3961 continet,
886 3867 1117 3946 sieLatinorum
1142 3886 1187 3943 ‘et'
1211 3893 1326 3962 praeter

256 3996 409 4076 copulandi
439 4001 497 4056 vim
527 3995 648 4055 eandem
676 3978 793 4074 quoque
822 3993 1059 4070 significationem
1088 3989 1176 4049 habet
1196 4010 1230 4048 ac
1258 4011 1324 4067 par-

196 4132 198 4145 =
256 4104 344 4163 ticula
367 4104 488 4182 ‘etium'3
518 4102 573 4160 hoc
600 4109 696 4160 autem
724 4119 811 4159 sensu
837 4108 975 4177 usurpata
995 4116 1204 4175 nonnunquam
1225 4093 1325 4154 adver·
