3034 4675
654 243 889 307 -130-

236 417 290 477 hoc
318 425 429 476 tantum
460 416 523 476 loco
552 423 668 487 extant,
705 423 881 494 quapropter
912 421 989 471 certe
1017 410 1169 472 diiudicari
1198 413 1307 490 nequit,

235 525 293 583 utri
314 541 474 603 pronomen
502 519 535 591 ὅς
556 522 594 579 611
615 518 846 597 adiungendum,
874 527 970 578 tamen
991 516 1071 597 quod
1091 516 1222 576 versibus
1247 522 1305 579 867

115 693 117 696 ,
237 632 348 691 61870
380 626 491 686 collatis
512 627 617 685 Nastes
646 627 753 705 primas
774 633 870 704 partes
890 643 976 701 agere
997 621 1126 694 ridetur,
1160 642 1225 681 cum
1249 620 1308 680 edi·

236 732 346 793 toribus
374 734 552 792 enuntiatum
575 730 726 790 relativum
747 728 786 788 ad
803 729 895 801 illum,
926 748 986 787 non
1007 727 1044 786 ad
1065 726 1308 807 Amphimachum

236 838 283 896 vel
304 840 465 910 Nomiona,
495 845 572 895 recte
603 836 719 895 relcras.
764 836 864 913 itaque
883 833 1082 893 Aristarchum
1104 851 1213 892 errasse
1236 831 1308 892 iudi·

236 919 380 1016 cabimus,
419 962 506 1022 quem
538 960 697 1022 pronomen
730 938 763 1010 ὅς
790 939 1002 1018 Amphimacho
1030 938 1196 999 adiunxisse
1227 936 1310 996 docet

236 1049 365 1108 scholion
402 1048 507 1107 codicis
542 1047 649 1107 Veneti
677 1045 705 1103 A
742 1042 831 1103 Dind.
864 1043 879 1101 Ι
919 1066 948 1124 p.
983 1050 1040 1106 135
1078 1044 1096 1122 ἡ
1133 1041 1166 1104 δὲ
1204 1042 1306 1120 διπλῆ]

237 1151 284 1214 ὅτι
313 1152 359 1212 ἐπὶ
390 1160 445 1212 τοῦ
469 1143 662 1233 Ἀμφιμάχου
693 1149 755 1211 ἐστὶ
782 1149 817 1209 τὸ
845 1149 885 1220 ὃς
899 1149 949 1208 καὶ
968 1148 1082 1230 χρυσὸν
1109 1146 1200 1228 ἔχων,
1237 1147 1253 1207 ὃ
1276 1145 1309 1207 δὲ

238 1256 408 1337 Σιμωνίδης
429 1256 476 1317 ἐπὶ
499 1265 553 1318 τοῦ
574 1247 698 1317 Νάστου
719 1252 804 1336 λέγει.
843 1253 1019 1315 Simonidem
1040 1274 1108 1313 vero
1130 1274 1229 1313 versus
1250 1274 1326 1330 nou¹

238 1363 342 1441 legisse
378 1362 453 1423 idem
488 1361 618 1423 scholion
653 1360 780 1419 indicare
811 1358 939 1434 videtur,
972 1380 1062 1439 quare
1087 1360 1122 1427 L,
1151 1360 1309 1419 Muellerus

238 1468 337 1548 philol.
360 1471 405 1531 XI
427 1490 456 1548 p.
484 1474 540 1530 175
563 1487 617 1546 sq.,
645 1486 732 1546 quem
753 1465 903 1525 Nauckius
925 1468 955 1525 in
976 1465 1103 1525 editione
1123 1486 1175 1525 sna
1197 1475 1310 1527 secunus

238 1583 290 1645 est,
314 1593 362 1632 eos
376 1581 513 1653 tanquam
529 1575 642 1651 spurios
664 1574 754 1630 eiecit.
786 1580 912 1630 attamen
926 1572 1063 1630 Musaeus
1077 1570 1193 1651 quidem
1215 1570 1309 1629 locum

237 1678 340 1739 eodem
360 1677 446 1737 modo
467 1681 605 1757 scriptum
627 1678 712 1754 legit,
736 1697 795 1756 quo
816 1676 900 1736 nohis
922 1685 966 1736 est
986 1673 1117 1736 traditus.
1161 1686 1310 1756 praeterea

238 1786 347 1864 inspice
368 1782 525 1859 Bergkium
546 1791 623 1863 poet.
647 1783 702 1862 lyr.
726 1781 788 1845 111⁴
809 1804 838 1861 p.
857 1785 916 1844 527
941 1780 978 1839 ad
991 1781 1147 1841 Simonidis
1168 1783 1221 1859 frg.
1239 1787 1309 1843 214.

238 1892 354 1950 omnino
392 1898 488 1948 autem
517 1888 630 1947 Musaei
660 1898 689 1947 et
709 1886 831 1964 Vergilii
859 1887 914 1945 loci
944 1907 1003 1947 non
1036 1897 1104 1946 sunt
1135 1885 1240 1946 diversi
1271 1886 1309 1945 ab

238 1985 302 2054 aliis
324 1994 464 2074 exemplis
486 1994 680 2053 collocationis
701 1993 787 2066 illius,
810 2012 899 2071 quam
921 1992 1020 2051 dicunt
1041 1992 1091 2052 διὰ
1112 1987 1214 2069 μέσου.

341 2207 534 2295 11116
561 2212 689 2291 verbis
717 2213 757 2290 iu
785 2212 1020 2291 enuntiatum
1046 2210 1209 2289 alterum

650 2350 905 2450 transpositis.

325 2522 407 2582 Nihil
418 2521 557 2601 estquod
568 2523 635 2582 huic
647 2522 849 2603 disputationis
859 2543 941 2582 meae
952 2526 1027 2603 parti
1037 2525 1243 2603 praemuniam,
1256 2527 1312 2583 nisi

241 2626 322 2700 illud,
339 2626 376 2686 de
391 2628 445 2685 hoc
460 2627 614 2707 hyperbati
629 2648 736 2705 genere
754 2631 784 2687 in
805 2632 970 2688 universum
993 2632 1085 2707 eglsse
1099 2628 1311 2701 Lehmannum,
1336 2654 1338 2657 ·

130 2778 136 2785 ,
241 2733 278 2793 de
303 2733 433 2794 Graecae
460 2732 576 2809 linguas
593 2736 831 2812 transpositione,
858 2733 972 2795 Gedani
1002 2739 1095 2803 1832,
1123 2741 1152 2790 61
1172 2733 1312 2793 66666116

240 2839 278 2898 ad
314 2840 510 2898 Romanorum
543 2838 653 2897 litteras
685 2840 860 2918 pertinentia
896 2837 1083 2898 adumbrasse
1118 2839 1311 2916 Kruegerum,

242 2945 289 3004 die
313 2944 476 3004 Attraction
506 2945 535 3001 in
564 2942 615 3002 der
643 2943 692 3002 lat.
723 2942 787 3023 Spr.
830 2944 964 3010 Brunsw.
990 2949 1073 3006 ’1827
1103 2964 1131 3022 p·
1167 2949 1222 3006 131
1247 2964 1311 3024 sqq.

241 3049 292 3109 sed
321 3058 353 3108 ut
383 3050 450 3108 huic
477 3051 643 3129 provinciae
671 3068 788 3129 operam
813 3050 850 3108 ab
878 3049 934 3109 illis
963 3051 1031 3107 viris
1059 3050 1164 3129 partim
1185 3053 1242 3108 iam
1263 3049 1313 3110 ad·

242 3157 362 3214 bibitam
391 3175 469 3214 nunc
497 3154 695 3235 impenderem
729 3153 767 3212 de
803 3155 930 3232 intregro,
969 3157 998 3213 16
1037 3156 1136 3235 primis
1173 3154 1228 3218 hoc
1267 3158 1325 3215 me'

244 3259 393 3333 movebat,
424 3259 503 3338 quod
533 3260 624 3319 multa
652 3259 760 3318 habere
781 3261 851 3318 mihi
872 3259 1006 3332 videbar,
1036 3280 1127 3340 quae,
1156 3270 1255 3341 utpote
1276 3261 1314 3322 ah
1375 3284 1378 3285 ⁷

243 3386 341 3424 eorum
364 3358 482 3424 consilio
505 3364 616 3437 aliena,
645 3364 781 3424 adderem
803 3385 894 3438 nova,
925 3374 954 3424 61
979 3385 1014 3424 ea
1042 3369 1175 3442 graviora
1195 3366 1314 3446 quidem

244 3479 272 3530 et
293 3471 487 3530 insolentiora.
524 3468 630 3529 deiude
651 3473 768 3528 omniuo
790 3469 848 3527 alia
867 3474 979 3529 ratione
1000 3472 1163 3548 linguarum
1185 3480 1314 3530 veterum

243 3579 404 3656 proprietas
425 3576 509 3635 nohis
532 3578 586 3634 erit
607 3574 823 3634 consideranda.

330 3681 429 3761 Atque
458 3684 581 3761 primum
610 3678 728 3758 quidem
757 3679 785 3738 id
814 3683 988 3739 traiectionis
1009 3700 1100 3758 genus
1125 3680 1313 3760 perlustrabo,

244 3805 302 3865 quo
322 3785 523 3845 membrum
540 3787 763 3845 sententiae
778 3783 1031 3844 secundariae
1046 3771 1314 3865 inprimariam

245 3894 522 3970 transpositum
550 3899 616 3950 est.
662 3891 821 3951 subiectum
850 3890 1036 3951 secundariae
1060 3893 1265 3950 enuntiationis
1284 3893 1315 3950 iu
1421 3966 1423 3979 1

244 3996 409 4075 primariam
428 4005 625 4077 transponere,
648 3998 688 4055 ita
709 4005 742 4056 ut
756 3996 842 4056 huius
861 3998 911 4056 fiat
925 3998 1077 4071 obiectum,
1100 3997 1316 4074 vulgarissimus

245 4109 288 4158 est
315 4121 384 4160 usus
413 4101 597 4162 Graecorum.
640 4100 719 4180 quod
747 4101 864 4182 quidem
892 4103 965 4161 nihil
996 4104 1124 4161 inusitati
1155 4103 1256 4174 habet,
1291 4104 1315 4162 si
