3034 4675
663 291 917 371 -1885

223 480 338 526 ¹cassos
356 461 540 535 transiluerit,
568 463 734 539 excipimus,
757 460 982 520 moderationem
1005 458 1152 538 quandam
1174 458 1311 519 adhibue-

242 577 319 626 runt.
363 569 534 626 recentiores
554 586 622 625 vero
646 569 883 647 epigrammatum
912 568 1064 645 scriptores
1093 574 1122 622 et
1143 566 1312 624 Latinorum

242 681 346 751 poetae
368 672 500 749 elegiaci,
534 681 567 730 ut
588 672 650 731 fieri
671 671 778 730 assolet
799 674 829 730 in
851 670 1058 749 imitatoribus,
1089 690 1137 744 ea,
1169 691 1244 749 quae
1266 672 1313 729 isti

242 779 348 856 passim
378 776 432 836 sibi
457 780 662 858 permiserunt,
696 797 749 857 pro
778 777 945 853 vulgaribus
966 796 1058 856 paene
1079 778 1263 855 arripuerunt
1284 784 1314 833 et

191 907 195 918 s
243 901 330 961 saepe
351 886 459 943 maiore
478 883 598 942 audacia
619 891 801 963 superarunt.
841 881 919 961 quod
941 890 1038 941 autem
1060 884 1232 961 posteriores
1254 883 1312 959 epi·

242 998 432 1066 grammatum
461 998 590 1048 auctores
618 992 648 1047 in
680 989 725 1047 his
752 988 851 1064 figirris
880 987 1019 1066 pleraque
1041 985 1078 1044 ab
1106 984 1312 1044 Alexandrinis

241 1098 386 1174 accepisse
408 1095 547 1167 diximus,
570 1114 628 1153 non
652 1094 774 1153 multum
797 1094 890 1152 oberit
912 1092 997 1150 huius
1018 1093 1188 1170 suspicionis
1209 1091 1313 1170 proba-

244 1198 363 1273 bilitati,
391 1198 470 1278 quod
492 1220 551 1260 non
572 1202 602 1257 in
623 1219 799 1278 unoquoque
820 1216 926 1275 genere
948 1195 1146 1278 Alexandrina
1168 1194 1312 1274 exempla·

241 1309 284 1363 ria
306 1325 354 1364 eos
375 1315 487 1365 secutos
510 1325 572 1364 esse
592 1324 744 1384 possumus
766 1305 971 1364 demonstrare.
1015 1301 1207 1382 reputandum
1235 1302 1313 1358 enim

241 1420 299 1482 est,
329 1413 483 1470 maximam
513 1419 623 1490 partem
652 1411 809 1468 carminum
832 1408 1096 1468 Alexandrinorum
1125 1409 1312 1486 exquisitiore

242 1519 371 1576 oratione
397 1519 566 1596 scriptorum
596 1517 716 1595 periisse
745 1513 794 1594 (cf.
819 1516 940 1593 Hauptii
963 1535 1009 1593 op.
1033 1514 1049 1571 I
1081 1513 1163 1595 126).
1207 1514 1312 1572 Roma-

241 1643 343 1681 norum
364 1631 460 1681 autern
483 1631 632 1700 poetarum
655 1619 845 1696 elegiacorum
868 1622 940 1680 ratio
963 1620 1049 1697 paulo
1071 1621 1230 1680 accuratius
1249 1637 1312 1676 esse

240 1726 354 1786 videtur
383 1726 569 1807 explicanda,
599 1724 649 1784 sed
678 1734 764 1783 antea
786 1723 822 1784 de
843 1729 945 1805 priscis
967 1728 1058 1805 poetis
1080 1728 1198 1784 scenicis
1219 1744 1312 1803 pauca

241 1832 387 1891 monenda
408 1841 483 1891 sunt.

326 1938 422 1997 Plauti
438 1937 592 1996 verborum
606 1938 806 1995 traiectionum
822 1937 879 1995 iarn
893 1956 981 2016 supra
996 1940 1170 1995 mentionem
1183 1937 1310 2008 fecimus,

240 2042 291 2101 ubi
314 2042 351 2101 de
372 2062 503 2102 sermone
520 2042 642 2119 vulgari,
671 2049 700 2100 et
720 2043 784 2120 ipso
805 2040 843 2099 ab
866 2042 1034 2121 hyperbatis
1056 2037 1218 2119 insignibus
1238 2061 1311 2099 non·

221 2148 327 2207 nullis
357 2169 416 2207 non
443 2148 632 2219 abhorrente,
659 2146 874 2226 disputavimus·
912 2149 954 2205 eis
975 2157 1072 2206 autem
1093 2150 1234 2207 evincitur
1255 2149 1305 2206 Ro·

240 2273 343 2312 manae
357 2253 473 2331 linguae
490 2254 653 2312 facultatem
670 2271 722 2330 per
735 2271 767 2311 se
783 2255 873 2331 ipsam
889 2251 1089 2312 adliberiores
1104 2254 1308 2313 vocabulorum

240 2360 441 2419 collocationes
469 2379 583 2439 semper
612 2360 700 2418 fuisse
732 2379 920 2438 propensam,
957 2379 1132 2438 quamquam
1163 2360 1311 2439 complura

240 2464 394 2543 hyperbati
426 2485 533 2542 genera
565 2468 596 2523 in
628 2466 806 2525 Graecorum
838 2464 959 2523 officinis
990 2466 1111 2524 conficta
1142 2464 1180 2522 ad
1209 2468 1311 2544 poesin

148 2579 150 2583 ’
240 2570 375 2628 Latinam
389 2568 520 2629 traducta
536 2579 611 2629 sunt.
644 2573 741 2649 itaque
756 2589 854 2628 eorum
870 2573 1030 2629 sententiae
1050 2589 1097 2629 me
1118 2592 1177 2630 non
1197 2570 1309 2645 addico,

240 2679 299 2753 qni,
331 2676 422 2735 sicubi
451 2679 583 2753 congruit
605 2675 727 2734 Latinus
748 2695 841 2734 sermo
871 2696 935 2734 cum
959 2676 1079 2748 Graeco,
1109 2677 1147 2735 ad
1169 2678 1309 2737 Graecam

239 2783 377 2858 originem
399 2785 534 2841 continuo
557 2783 653 2840 omnia
675 2780 830 2839 referentes
844 2789 933 2840 totam
947 2780 1101 2840 verborum
1116 2782 1310 2862 dispositionis

239 2888 420 2947 insolentiam
442 2888 479 2947 ab
502 2890 660 2946 imitatione
682 2887 813 2946 Graecae
841 2886 958 2964 linguae
979 2897 1122 2966 repetunt.
1167 2887 1310 2967 quomodo
1389 2966 1393 2975 ,

239 2993 281 3050 illi
314 3002 445 3052 constare
477 2993 531 3052 sibi
561 2982 661 3051 volunt
693 2995 724 3050 in
758 2992 816 3051 illis
849 2995 979 3051 insuetae
1005 2994 1200 3053 collocationis
1228 2993 1308 3065 locis,

239 3098 345 3176 quibus
366 3100 564 3158 Romanorum
593 3106 692 3177 poetas
721 3101 845 3156 comicos
874 3097 1058 3157 cottidianam
1088 3099 1167 3177 vulgi
1192 3119 1310 3159 consuc-

239 3202 368 3262 tudinem
390 3207 493 3263 sectari
521 3205 704 3262 manifestum
727 3212 771 3262 est
792 3222 887 3282 neque
907 3207 1035 3282 suppetit
1057 3225 1173 3283 prorsus
1193 3224 1311 3282 compar

238 3311 443 3388 geminumque
485 3308 648 3387 exemplum
689 3328 705 3366 e
743 3311 846 3368 litteris
884 3308 1026 3368 Graecis?
1069 3319 1177 3388 quanto
1212 3318 1309 3368 autem

239 3417 344 3473 rectius
373 3415 533 3474 libertatem
564 3417 594 3472 iu
622 3414 718 3474 verbis
747 3413 969 3492 transponendis
999 3435 1015 3472 e
1043 3416 1165 3474 Latinae
1192 3414 1310 3491 linguae

238 3529 342 3579 natura
368 3541 421 3599 per
448 3541 480 3579 se
505 3522 567 3600 ipsa
596 3519 633 3578 ad
663 3519 867 3579 vocabulorum
893 3522 1088 3579 traiectionem
1110 3521 1200 3580 habili
1221 3528 1310 3598 atque

238 3624 380 3683 tractabili
408 3625 617 3684 derivabimus!
661 3625 712 3685 sed
741 3628 930 3684 imitationem
952 3629 1110 3685 carminum
1133 3627 1309 3686 Graecorum

238 3732 404 3809 provexisse
436 3730 600 3790 facultatem
632 3731 712 3789 illam
748 3731 864 3807 linguae
901 3733 1057 3807 ingenitam
1091 3734 1155 3811 quis
1187 3741 1230 3790 est
1258 3733 1310 3809 qui

174 3883 179 3892 .
237 3834 345 3912 neget?
393 3856 488 3916 neque
519 3835 587 3896 inde
615 3846 730 3895 nostrae
759 3839 919 3895 sententiae
945 3836 1056 3915 aliquid
1090 3837 1201 3896 accedit
1226 3835 1308 3895 dubi·

237 3943 363 4015 tationis,
386 3943 472 4001 immo
487 3943 718 4001 confirmationis.
744 3943 854 4021 quippe
874 3944 929 4000 nisi
952 3951 1054 4019 poetae
1076 3946 1106 4001 in
1128 3944 1183 4001 boc
1203 3961 1310 4018 genere

237 4048 365 4125 proferre
387 4047 529 4120 volebant,
553 4046 631 4126 quod
655 4056 688 4105 ut
708 4057 794 4106 antea
816 4046 974 4106 inauditum
998 4048 1118 4107 lectores
1140 4047 1309 4122 intellegere

241 4154 357 4211 omnino
373 4172 432 4210 non
446 4162 588 4232 poterant,
604 4172 721 4211 neccsse
735 4164 779 4212 est
793 4151 952 4212 sermonem
972 4154 1064 4229 ipsum
1086 4153 1151 4210 talis
1172 4151 1310 4211 audaciae
