3034 4675
635 279 870 357 -lffl-

211 481 314 559 itaque
336 498 543 557 nonnunquam
563 478 682 539 calidior
703 480 883 560 loquentium
912 483 1025 539 animus
1054 481 1156 554 efficit,
1188 488 1221 539 ut
1249 477 1287 537 ad

209 585 303 643 «aliam
326 584 423 644 subito
446 587 653 661 cogitationem
670 585 833 645 transiliant
853 595 883 644 et
897 585 998 644 mediis
1011 585 1184 665 quibusdam
1203 587 1289 644 inter·

217 692 298 749 iectis
312 692 551 750 constructionem
566 694 786 771 interrumpunt,
798 692 918 771 posthac
928 689 964 749 ad
977 700 1107 767 coeptam
1116 700 1290 750 structuram

217 804 407 855 revertantur.
437 813 496 875 qua
511 795 619 856 ordinis
633 799 762 856 consueti
776 797 993 875 perturbatione
1014 798 1104 868 oratio
1124 796 1215 855 multo
1229 796 1289 854 effi·

217 903 312 960 cacior
333 902 429 960 existit
451 903 602 980 magisque
620 910 753 977 penetrat
774 901 811 960 ad
830 905 957 981 ipsorum
971 901 1149 961 audientium
1169 905 1288 961 animos.
1338 982 1340 986 Ι

216 1005 272 1065 hoc
293 1014 388 1065 autem
411 1008 441 1065 iu
458 1025 566 1084 genere
580 1007 845 1087 frequentissimum
859 1027 922 1066 csse
936 1005 1104 1087 Euripidem
1122 1007 1215 1072 video.
1248 1010 1290 1067 ita

216 1111 291 1171 dixit
313 1112 379 1174 Hel.
406 1119 484 1174 1579
507 1131 550 1190 sq.

384 1229 435 1307 ιε’,
459 1224 484 1293 a
507 1229 574 1309 ειν,
598 1233 640 1304 ος
661 1232 697 1293 τι
718 1232 863 1315 aeteae,
886 1231 906 1313 ἢ
928 1212 1027 1305 natu
1049 1230 1124 1312 εχει,

381 1339 570 1416 hiericuntem·

113 1475 121 1487 ·
207 1441 323 1502 ιΤιιοαά
349 1450 409 1506 299

398 1558 576 1631 πιμπρᾶσιν,
599 1544 618 1628 ἢ
641 1550 674 1609 τί
693 1550 797 1631 δρῶσι,
824 1548 966 1629 Τρωάδες
987 1550 1120 1630 μυχούς,

215 1655 299 1733 Cycl.
326 1661 381 1716 121

368 1758 521 1841 σπείρουσι
543 1756 587 1835 δ’,
610 1756 630 1839 ἢ
652 1761 695 1842 τῷ
718 1758 799 1835 ζῶσι,
821 1758 985 1840 Δημητρός
1005 1758 1137 1838 στάχυν,

220 1889 368 1960 praeterea
390 1880 424 1937 cf.
447 1881 535 1939 Rhea.
560 1886 619 1940 565
642 1898 685 1957 sq.

401 1981 562 2062 Διόμηδες,
585 1985 638 2043 οὐκ
659 1983 798 2061 ἤκουσας,
820 1979 840 2062 ἢ
861 1982 944 2053 κενὸς
964 1980 1066 2064 ψόφος

403 2080 502 2163 στάζει
524 2084 564 2147 ‹t'r'
587 2087 682 2163 ὤτων,
706 2086 834 2167 τευχέων
853 2089 923 2147 τινὰ
945 2088 1074 2163 κτύποις

217 2228 313 2287 neque
337 2205 482 2268 dissimilis
508 2215 552 2267 est
573 2207 703 2267 Platonis
725 2207 804 2267 locus
831 2208 907 2285 legg.
930 2212 977 2271 III
996 2228 1024 2283 p.
1048 2214 1132 2270 6970
1155 2207 1290 2290 εἰρήσθω

211 2318 327 2391 ταῦτα,
349 2310 369 2394 ἢ
390 2321 463 2391 πῶς,
485 2294 567 2392 ἡμῖν,
590 2312 641 2373 ubi
662 2311 736 2391 ἡμῖν
750 2332 814 2372 cum
837 2311 973 2394 εἰρήσθω
995 2313 1227 2392 coniungendam
1248 2323 1290 2374 at·

217 2442 276 2501 que
297 2416 318 2500 ἢ
339 2429 403 2492 πῶς
424 2400 624 2494 interpositum
646 2427 697 2492 est,
721 2427 754 2478 ut
775 2416 795 2498 ἢ
817 2417 850 2477 τί
868 2420 971 2495 Eurip.
996 2421 1067 2479 Hec.
1096 2425 1175 2483 1272

210 2534 212 2541 ⁴
348 2548 351 2553 '
427 2547 548 2621 μορφῆς
570 2535 694 2619 ἐπῳδόν,
716 2534 737 2616 ἢ
757 2536 798 2614 τί,
820 2545 875 2618 τῆς
897 2536 970 2617 ἐμῆς
992 2535 1084 2622 ἔρεΐςς

216 2658 319 2719 eodem
347 2658 453 2717 deiude
482 2657 584 2732 modo,
618 2677 679 2737 quo
708 2657 774 2717 talis
802 2657 956 2718 verborum
985 2661 1114 2718 traiectio
1143 2660 1174 2718 in
1203 2661 1290 2719 inter·

217 2764 413 2842 rogationibus
435 2772 623 2839 properanter
644 2762 764 2840 prolatis
784 2763 954 2837 admittitur,
977 2740 1072 2822 locum
1094 2767 1180 2825 etiam
1202 2764 1291 2824 habet

204 2870 249 2928 'iu
270 2868 520 2929 adhortationibus
549 2879 578 2927 et
606 2870 637 2927 iu
665 2869 764 2927 formis
793 2870 963 2948 imperativi.
1013 2871 1054 2928 sic
1082 2869 1290 2950 Aristophanes
1330 2899 1333 2906 ·

218 2976 250 3034 in
275 2974 432 3054 Equitibus
461 2974 583 3033 alterum
610 2975 811 3053 imperativum
832 2975 936 3053 prioris
957 2983 1116 3034 structurae
1137 2977 1292 3034 immiscuit

116 3090 120 3095 ’
217 3102 244 3140 v.
270 3086 329 3143 546
351 3100 395 3160 sq.

305 3174 427 3269 αἴρεσθ’
454 3185 537 3268 αὐτῷ
558 3183 635 3243 πολὺ
657 3182 693 3243 τὸ
716 3177 833 3264 ῥόθιον,
855 3180 1049 3264 παραπέμψα

866 3286 940 3346 dena
961 3285 1085 3365 κώπαις,

302 3393 440 3478 θόρυβον
459 3394 589 3476 χρηστὸν
611 3394 764 3473 ληναΐτην,

220 3510 250 3560 et
266 3522 295 3567 v.
322 3507 401 3565 1036

429 3596 539 3682 ὦτᾶν,
562 3594 698 3679 άκοοσον,
721 3596 795 3663 εἶτα
809 3596 968 3683 διάκρινον,
991 3602 1070 3679 τάδε,

219 3725 363 3805 quomodo
392 3724 556 3785 Meiuekius
582 3743 651 3782 vera
679 3725 842 3782 coniectura
870 3720 939 3782 τόδε
967 3743 1020 3802 pro
1047 3720 1115 3783 τότε
1137 3724 1291 3782 restituens

218 3850 332 3890 versum
350 3830 521 3890 emendavit.
557 3830 598 3887 sic
612 3848 665 3903 per
678 3828 870 3907 hyperbaton,
886 3830 911 3886 si
927 3848 974 3888 me
989 3826 1081 3901 audis,
1104 3825 1291 3905 intellegendi

136 3996 139 4002 ,
219 3945 287 3995 suut
307 3938 393 3997 etiem
414 3956 514 3996 versus
536 3936 637 4012 Eurip.
661 3933 740 3995 Med.
765 3940 825 3996 894
841 3953 884 4013 sq.

424 4033 449 4102 ὦ
471 4040 560 4102 τέκνα
583 4038 681 4114 τέκνα,
704 4039 799 4121 δεῦτε,
821 4037 933 4098 λείπετε
956 4035 1071 4117 στέγας,

389 4204 393 4209 .
424 4143 565 4222 ἓξέλθετ),
588 4141 769 4207 ἀσπάσασθε
791 4144 841 4204 καὶ
864 4143 1052 4226 προσείπατε.
