3034 4675
642 226 856 289 ...31-

214 416 375 477 pronomen
387 393 429 473 μέ
440 398 517 455 enim
539 398 739 475 interpositum
762 405 807 454 est
827 405 855 454 et
877 397 959 454 metri
973 396 1181 455 commoditatis
1198 415 1285 455 causa

214 511 245 561 et
266 512 299 560 ut
318 521 401 561 voces
430 511 620 560 consonantes
649 498 772 582 (ἔρωτος
791 491 929 581 Ἔρωτα)
959 505 1089 580 proxime
1112 504 1285 581 compositae

214 608 387 684 elegantiam
418 606 564 685 quandam
597 606 783 685 praeberent,
821 606 965 686 quomodo
1005 607 1145 665 vocabula
1182 607 1284 687 βροτωυ

10 727 11 732 ’
89 745 94 750 ·
214 709 290 772 θεόν
318 713 372 772 sibi
400 715 522 771 invicem
549 714 680 792 opposita
709 715 916 771 consociantur.
961 714 1165 789 omnia'igitur
1185 730 1285 769 versus

214 820 357 891 membra,
388 825 489 897 utpote
517 817 672 889 antitheta,
702 793 852 877 decussata
881 819 955 876 inter
976 837 1008 876 se
1028 820 1119 894 megia
1140 819 1170 875 in
1191 817 1284 875 lucem

213 926 405 1006 proferuntur.
450 905 620 1002 plerumque
648 930 743 981 autem
774 925 806 981 in
834 924 888 981 hoc
916 922 1070 984 verborum
1096 920 1196 982 ordine
1219 942 1284 1001 pm·

213 1034 323 1106 nomini
355 1031 519 1109 praeposita
550 1036 593 1087 est
623 1027 765 1105 particula
796 1026 844 1099 (cf.
877 1028 961 1086 Hom.
991 1028 1028 1086 Il.
1057 1028 1176 1098 XVIII,
1212 1033 1282 1089 432.

214 1134 268 1195 Od.
292 1134 378 1207 xlv,
405 1140 475 1196 452.
507 1133 612 1193 Aesch.
636 1133 720 1190 Eum.
747 1138 818 1193 861.
850 1132 961 1193 callim.
985 1133 1015 1192 h.
1032 1134 1062 1206 Ἰ,
1091 1140 1137 1194 10.
1167 1133 1283 1191 Kaibel.
1335 1137 1337 1144 ’

213 1242 303 1320 epigr.
327 1260 371 1299 ur.
392 1245 450 1320 7115
466 1258 495 1298 v.
517 1237 556 1319 1).
590 1256 686 1316 neque
707 1237 779 1295 haec
799 1240 928 1297 traiectio
949 1238 987 1297 ab
1008 1241 1137 1298 oratione
1159 1238 1284 1319 pedestri

213 1354 258 1403 est
279 1344 374 1402 aliena
396 1341 444 1423 (cf.
465 1342 539 1401 Plat.
556 1342 630 1402 orit.
644 1349 708 1403 500
730 1337 838 1422 ἢπρός
850 1340 906 1420 μὲν
921 1344 981 1424 ἄρα
1002 1365 1049 1404 σοι
1070 1343 1123 1404 τὸν
1144 1341 1283 1425 πατέρα).

215 1470 273 1508 11011
294 1450 403 1507 maiore
424 1447 575 1507 interuallo
595 1449 768 1526 praepositio
789 1467 808 1505 a
825 1467 893 1506 casu
915 1448 1068 1520 diducitur,
1091 1451 1115 1507 si
1136 1448 1192 1506 levi
1214 1468 1285 1527 pon-

213 1553 282 1614 dere
303 1553 421 1613 voculae
442 1555 673 1632 interponuntur,
694 1551 893 1612 veluti'Pind.
916 1551 962 1612 01.
984 1557 1006 1625 Ι,
1035 1560 1070 1617 16
1091 1573 1134 1633 sq.

582 1715 585 1720 -
633 1667 681 1734 οἷα
704 1672 847 1751 παίζομεν
869 1672 960 1754 φίλαν

417 1763 521 1860 ἄνδρες
542 1778 621 1860 ἀμφὶ
643 1777 735 1857 θαμὰ
756 1776 910 1859 τραπέζαν

214 1900 297 1983 (vide
315 1902 439 1961 Bossler.
460 1899 505 1959 de.
519 1921 616 1981 praep.
640 1921 695 1960 usu
720 1922 767 1981 ap.
790 1900 875 1960 Piud.
899 1924 928 1981 p.
954 1901 1017 1982 76).
1053 1902 1141 1983 Soph.
1157 1904 1204 1963 Αἰ.
1226 1910 1282 1971 155

618 2025 696 2084 κατὰ
718 2020 746 2084 d’
762 2015 798 2083 lle
820 2045 865 2095 τις
887 2023 960 2102 ἐμοῦ

464 2137 589 2188 τοιαῦτα
611 2127 703 2209 λέγων
725 2130 778 2189 οὐκ
800 2125 838 2187 ἂν
859 2127 972 2204 πείθοι,
1002 2115 1012 2123 ”

212 2249 298 2311 010.
320 2252 356 2310 R.
385 2257 440 2312 137
465 2270 508 2331 sq.

388 2371 461 2454 ὑπὲρ
479 2373 545 2454 γὰρ’
558 2374 622 2452 οὐχὶ
646 2382 706 2433 τῶν
727 2372 873 2456 ἀπωτέρω
891 2373 995 2456 φίλων,

388 2475 453 2539 ἀλλ’
475 2478 566 2550 αὐτὸς
588 2478 682 2538 αὑτοῦ
702 2476 785 2539 τοῦτ’
807 2479 963 2540 ἀποσκεόῶ
985 2477 1087 2557 μύσος.
1119 2556 1124 2561 ¹

211 2606 247 2663 ci.
272 2608 357 2664 etiam
379 2604 549 2684 Euphorion
570 2585 650 2663 anth.
674 2605 736 2663 Pal.
760 2605 925 2699 vntum,
953 2612 978 2666 1.
1013 2604 1164 2683 Statyllius
1185 2606 1280 2665 Flacc.

212 2710 249 2781 V,
267 2717 294 2782 5,
314 2716 342 2771 3.
379 2711 561 2789 reperiuntur
583 2710 743 2789 complures
765 2710 829 2784 loci,
853 2710 957 2790 quibus
979 2730 1037 2768 vox
1059 2711 1189 2768 enclitica
1212 2707 1286 2769 ποτέ

211 2825 277 2895 post
297 2817 537 2895 praepositionem
561 2826 603 2873 est
620 2815 707 2886 illata,
731 2818 772 2873 sic
793 2813 867 2874 dixit
881 2815 1024 2874 Pindarus
1039 2816 1123 2874 Nem.
1139 2815 1224 2884 VIII,
1245 2821 1280 2877 18

212 2917 318 3005 ποτνίᾳ
347 2915 378 2979 ἕν
405 2941 477 2980 ποτε
507 2919 643 3002 Κύπρῳς
675 2918 727 2978 sed
758 2923 931 3000 posteriores
960 2921 1035 2979 hanc
1067 2919 1281 2978 collocationem

210 3027 327 3105 saepius
355 3034 543 3106 usurparunt,
573 3028 682 3105 quippe
710 3044 786 3103 quae
815 3026 989 3085 hexametris
1018 3022 1180 3106 pangendis
1209 3034 1283 3083 esset

210 3128 483 3189 accomodatissima.
528 3131 562 3188 cf.
592 3130 716 3188 Theocr.
745 3130 868 3203 XVIII,
905 3139 928 3192 1.
974 3131 1085 3191 Gallim.
1109 3130 1138 3187 11.
1161 3129 1198 3201 V,
1231 3138 1278 3190 57.

209 3235 265 3312 frg-
290 3242 339 3299 93.
384 3237 538 3315 Antipater
565 3235 645 3294 anth.
669 3218 730 3294 Pal.
753 3234 831 3308 VII,
857 3241 927 3308 338,
954 3242 980 3297 3.
1026 3233 1169 3296 Gaetulici
1191 3239 1281 3314 epigr.

212 3340 276 3414 IX,
304 3349 357 3414 17,
386 3349 398 3403 l
432 3336 461 3411 ἴς
486 3361 556 3400 ποτε
576 3337 698 3417 βένθος.
742 3345 868 3399 ceterum
898 3338 966 3399 vide
993 3339 1029 3399 de
1058 3340 1113 3398 hac
1139 3340 1283 3399 locutione

212 3445 373 3506 Naeckium
399 3466 446 3525 op.
471 3449 515 3518 II,
539 3467 567 3526 p.
593 3453 642 3505 71.
687 3444 723 3505 Ο.
746 3445 953 3505 Schneiderum
976 3444 1087 3504 Gallim.
1110 3446 1135 3518 Ι,
1158 3468 1186 3526 p.
1212 3451 1283 3510 343.

212 3551 403 3611 Fritaschium
424 3549 461 3608 ad
483 3551 607 3610 Theocr.
631 3542 750 3635 XVIII,
779 3558 790 3611 l
816 3554 846 3610 in
868 3549 995 3609 editione
1015 3552 1131 3609 maiore.
1173 3560 1201 3610 et
1221 3554 1284 3631 ipsa

211 3658 301 3714 oratio
323 3656 417 3715 saluta
435 3659 514 3714 tenui
538 3665 567 3714 et
586 3655 686 3731 mobili
704 3675 773 3714 voce
789 3655 923 3716 dirimere
945 3676 962 3714 a
983 3659 1195 3736 praepositione
1216 3656 1283 3715 sub-

210 3763 365 3832 stantivum
393 3763 500 3841 passim
529 3760 584 3820 sibi
612 3763 758 3840 permisit3
792 3762 827 3819 cf.
850 3762 924 3821 Plat.
947 3762 1023 3839 legg.
1045 3762 1123 3821 VIII
1144 3784 1173 3840 p.
1199 3767 1284 3824 8320

210 3862 276 3924 ἀλλ)
291 3864 427 3925 ἀκόντων
449 3859 557 3926 ἑκοῦσα
576 3866 631 3926 σὺν
644 3864 694 3924 ἀεί
706 3887 764 3925 τινι
780 3865 845 3951 βίᾳ.
879 3865 980 3943 eodem
995 3866 1117 3925 tendunt
1132 3867 1282 3925 Demosth.

210 3971 288 4044 XX,
313 3978 330 4033 3
354 3971 405 4031 καὶ
426 3970 502 4042 ὅλως
529 3969 560 4029 ἓν
582 3964 665 4048 οἶμαι
689 3972 808 4043 πολλοῖς
837 3981 866 4030 01
893 3972 972 4031 Xen.
998 3991 1092 4050 symp.
1116 3971 1170 4045 IV,
1195 3981 1211 4033 5
1235 3970 1282 4030 ἐπὶ

139 4118 142 4124 ·
210 4074 246 4152 νὴ
273 4075 334 4135 Δία
363 4083 427 4148 τοῖς
454 4066 597 4158 dispessis,
631 4077 738 4155 quibus
770 4078 839 4136 locis
874 4079 962 4137 verba
997 4080 1144 4137 interiecta
1173 4080 1203 4135 in
1232 4076 1281 4134 ad·
