3034 4675
643 357 856 419 ,96-

214 538 317 591 contra
345 529 528 591 artificiosior
556 532 629 591 ordo
652 532 696 590 ita
715 532 865 591 institutus
886 537 946 605 est,
976 537 1009 589 nt
1033 531 1244 591 substantivum
1266 549 1284 591 a

151 711 153 715 ,
215 654 268 697 suo
285 643 437 710 utrumqne
459 636 603 697 adiectino
625 637 802 713 seiungatur,
825 636 917 696 veluti
937 636 1067 711 Theogn.
1090 636 1152 697 250

421 736 517 817 ἀγλαὰ
538 735 696 799 Μουσάων
717 737 801 819 δῶρα
825 734 1029 818 inurentium,

215 865 319 910 novas
331 847 467 923 deniqne,
496 847 524 905 si
543 845 630 916 libat,
661 863 830 907 enumerare
851 846 961 921 poteris
982 844 1138 919 formulas,
1169 847 1194 906 si
1215 848 1286 907 bina

155 983 159 990 ·
215 954 400 1015 substantiva
421 967 486 1010 unm
506 950 582 1012 binis
603 952 752 1013 attributis
774 959 804 1011 et
825 951 946 1013 verbnm
968 950 1079 1010 finitum
1101 968 1202 1012 versus
1224 970 1284 1012 am·

217 1062 309 1121 bitum
332 1058 459 1132 expient.
496 1073 563 1132 nam
587 1063 676 1131 prout
690 1059 811 1119 verbum
832 1058 890 1117 erit
904 1058 1086 1134 collocatum,
1107 1059 1285 1119 alioversus

216 1167 314 1227 forma
339 1150 502 1236 apparebit.
539 1159 576 1220 cf.
599 1162 793 1223 Fritzschium
815 1165 854 1223 ad
876 1163 998 1226 Theocr.
1021 1163 1110 1222 XXV
1127 1164 1199 1240 277,
1223 1164 1284 1223 156

217 1274 249 1331 in
270 1271 341 1331 edit.
364 1266 430 1326 mai.
452 1275 482 1324 et
504 1266 626 1325 eundem
646 1270 684 1329 ad
704 1270 779 1328 Hor.
800 1285 886 1328 serm.
908 1268 922 1326 Ι
946 1270 974 1342 3,
1000 1268 1036 1340 7;
1069 1270 1137 1344 18,
1161 1268 1211 1329 lo.

305 1374 363 1435 Sed
384 1373 460 1431 hanc
483 1372 519 1431 de
542 1372 673 1432 versibus
695 1373 850 1447 dactylicis
874 1374 1070 1447 quamtionem
1091 1375 1149 1434 iam
1171 1374 1286 1434 missam

219 1482 375 1554 iaciamus,
406 1477 513 1551 qnippe
542 1479 678 1550 graviora
705 1485 742 1546 ct„
764 1476 932 1539 difficiliora
959 1496 1011 1539 nos
1039 1487 1153 1540 vocant.
1197 1480 1288 1539 veluti

218 1602 358 1662 suspenso
396 1583 471 1657 pede
511 1583 679 1658 perplexam
718 1583 800 1643 iilam
834 1583 1052 1657 dispositionem
1093 1586 1285 1660 pervolemus,
1311 1559 1315 1572 ¹

217 1709 276 1768 qna
304 1692 363 1750 tria
390 1686 573 1749 substantiva
600 1706 618 1748 a
646 1690 707 1749 suis
736 1689 886 1749 attributis
907 1689 1078 1749 insolentius
1100 1690 1285 1750 diducuntur.

218 1798 317 1869 itaque
338 1792 540 1867 Lycophronis
561 1793 633 1852 mihi
655 1794 807 1854 considera
829 1811 929 1854 versus
953 1793 1034 1853 1155
1057 1812 1098 1868 su.

387 1887 435 1963 αἷς
456 1890 628 1975 άκτέριστος
649 1892 684 1982 ἓν,
700 1891 767 1977 ξένῃ
788 1892 883 1966 ξέναις
905 1892 1001 1976 τάφος

346 2065 347 2074 ἵ
386 1996 508 2080 ψάμμῳ
529 1998 677 2071 κλύδωνος
698 1999 810 2081 λυπρὸς
830 1999 1058 2078 ἐκκλυθήσεται,
1329 2075 1330 2078 ¹

219 2127 317 2171 noune
346 2110 428 2169 vides
456 2109 511 2168 hoo
540 2109 746 2171 vocabulorum
772 2111 899 2169 mixtura
925 2112 990 2169 acui
1012 2111 1126 2186 singula
1149 2110 1288 2170 orationis

221 2216 350 2277 membra
365 2220 395 2274 et
416 2216 537 2275 consilio
552 2218 705 2290 periodum
719 2217 883 2275 minutatim
898 2232 961 2275 esse
977 2215 1144 2276 concisam?
1166 2215 1287 2275 similem
1364 2199 1369 2207 ’

220 2323 311 2383 habes
333 2321 488 2382 verborum
509 2328 671 2383 contortam
693 2322 796 2382 seriem
818 2320 891 2382 Hor.
914 2338 1003 2384 carm.
1027 2322 1042 2380 I
1065 2322 1094 2398 9,
1118 2321 1156 2380 21
1181 2336 1223 2395 sq.

262 2432 265 2435 ’
426 2446 505 2486 nunc
528 2435 555 2486 ct
577 2425 696 2488 10100110
716 2423 861 2507 proditor
882 2423 989 2486 intimo

425 2540 533 2611 protus
549 2530 672 2612 puellae
693 2531 775 2592 risus
798 2528 837 2592 ob
859 2529 980 2611 utputo.
1021 2598 1025 2603 ,

223 2657 324 2700 verum
352 2639 399 2698 hic
428 2638 571 2713 singulare
601 2637 757 2698 artificium
786 2639 922 2697 cernitur.
959 2654 1025 2697 uam
1047 2653 1217 2711 quamquam
1240 2651 1290 2694 no-

152 2817 160 2839 .
222 2743 328 2804 cabula
356 2743 547 2803 audacissime
576 2745 653 2804 inter
681 2760 712 2802 se
741 2759 817 2802 nexa
848 2749 878 2802 et
905 2744 1055 2817 implicata
1076 2748 1159 2815 suut,
1193 2748 1291 2800 tamen

221 2850 336 2910 ordinis
354 2848 451 2909 lumen
473 2865 532 2907 non
554 2849 711 2923 desideras,
736 2865 800 2907 cum
816 2846 906 2907 verba
927 2857 960 2906 ut
981 2849 1012 2906 iu
1034 2849 1135 2908 eodem
1157 2862 1292 2906 versuum

223 2959 288 3016 loco
320 2954 380 3016 sibi
405 2960 504 3014 mutuo
532 2955 724 3029 respondent,
761 2953 804 3011 ita
831 2953 862 3010 in
891 2954 1104 3013 constructione
1133 2953 1192 3011 siut
1223 2967 1291 3009 oon·

187 3078 190 3083 ·
222 3060 378 3137 iungenda.
401 3076 493 3134 neque
509 3060 632 3118 alterum
647 3058 763 3119 Horatii
782 3059 954 3133 exemplum,
978 3059 1054 3131 qnod
1076 3063 1144 3132 apte
1164 3057 1219 3116 huc
1240 3055 1292 3114 ad-

224 3168 349 3239 ducitur,
384 3166 536 3226 affectatae
563 3165 723 3239 elegantiae
745 3163 888 3223 lenocinio
922 3169 967 3222 est
999 3164 1169 3223 destitutum
1185 3188 1187 3195 2
1201 3177 1292 3223 carm.

152 3346 154 3349 ι
225 3274 271 3331 III
297 3272 346 3344 ll,
370 3272 409 3332 26
432 3289 475 3345 sq.

493 3372 495 3376 ⁴
675 3360 702 3412 et
723 3349 814 3412 inane
836 3348 976 3432 lymphae

478 3457 593 3521 dolium
609 3455 712 3538 ‚fando
729 3453 888 3537 pereuntia
910 3455 982 3528 imo,

226 3565 277 3624 ubi
299 3565 365 3624 vide
385 3566 648 3640 Diiienburgerum.

313 3689 428 3764 Siquis
450 3690 695 3751 substantivorum
716 3693 745 3747 et
767 3688 973 3748 attributorum
992 3688 1087 3747 varias
1109 3685 1295 3744 traiectiones

226 3796 383 3870 diligenter
404 3803 603 3871 perscrutatus
625 3794 722 3865 inerit,
748 3809 814 3852 eum
836 3798 914 3852 certe
935 3810 993 3852 non
1015 3792 1123 3866 effugit,
1148 3789 1295 3850 nonnullis

227 3901 299 3961 locis
321 3901 452 3961 ordinem
475 3902 629 3963 verborum
649 3901 692 3958 ita
714 3914 777 3957 esse
799 3894 1018 3974 conformatum,
1041 3906 1074 3957 ut
1087 3896 1295 3971 perspicuitate

142 3981 147 3994 ⁸
226 4007 321 4066 oratio
342 4014 449 4067 careat.
492 4007 583 4068 verba
605 4006 680 4065 euim
702 4016 875 4078 quamquam
897 4018 933 4061 ex
950 4003 1152 4077 grammatices
1173 4001 1293 4076 legibus,

228 4118 261 4170 nt
282 4114 364 4172 iuxta
386 4114 528 4173 collocata
548 4114 700 4186 leguntur,
739 4108 873 4183 coniungi
893 4116 1029 4183 possunt,
1053 4115 1151 4168 tamen
1172 4123 1209 4166 ex
1230 4123 1295 4165 sen·

228 4219 385 4278 sentiarum
415 4235 527 4278 conexu
556 4217 642 4276 aliter
665 4216 801 4276 videntur
823 4215 1024 4276 construenda.
1062 4229 1098 4273 ne
1122 4214 1295 4287 scriptorum
