3034 4675
664 216 900 280 -146—

248 407 372 469 quocum
391 389 426 447 ci.
451 385 504 447 Ov.
527 385 634 447 remed.
654 392 711 448 641

326 529 379 571 nec
401 508 430 571 oi
449 508 526 571 scire
548 508 636 588 voice,
657 505 732 590 quid
753 516 834 588 opat,
856 518 967 581 tomen,
990 506 1052 586 iiie,
1074 506 1198 589 ropabic
1207 507 1244 587 ¹),

247 638 315 690 met
332 635 378 702 *VI
401 635 471 703 239,
493 631 567 689 trist.
590 633 621 691 ΙΙ
644 632 704 689 239
728 648 772 707 sq.

404 761 435 814 at
457 748 588 833 siquod
609 747 739 834 maium
762 769 876 811 necnee
892 733 1029 828 *forense
1050 747 1160 828 fuisses

458 853 575 917 neiinrn
596 853 716 937 lepieeec
739 852 853 915 crimen
874 852 906 913 in
928 851 1006 914 Arte
1026 874 1104 933 neca,

248 975 299 1036 ubi
329 975 467 1035 ‘sonasse'
498 977 623 1055 pertinet
650 973 687 1033 ed
718 973 865 1050 ‘legisses’.
910 974 957 1033 hie
983 974 1054 1034 locis
1082 975 1160 1032 certe
1187 984 1319 1046 metrum,

249 1079 328 1159 quod
355 1079 440 1138 aliter
463 1100 562 1141 versus
589 1089 721 1139 constare
749 1098 809 1138 non
837 1087 965 1159 poteret,
1000 1081 1195 1139 deiectionem
1218 1079 1319 1138 effecit.

250 1192 349 1244 cenna
377 1182 553 1261 singularem
579 1202 694 1244 censum
722 1184 847 1244 valuisse
874 1184 1029 1243 verisimile
1055 1193 1098 1243 est
1119 1182 1172 1244 Ov.
1194 1192 1248 1243 art.
1272 1188 1319 1247 III

252 1296 310 1352 521
335 1310 378 1369 eq.
829 1295 832 1300 “

381 1395 502 1483 credere
524 1393 577 1456 vie
598 1394 714 1469 videor,
736 1417 805 1458 cum
827 1415 918 1477 copon
939 1394 1062 1456 credere
1082 1406 1186 1478 perte,

448 1521 509 1561 rece
530 1519 584 1580 epo
606 1521 675 1560 cnm
696 1499 804 1561 verine
826 1499 1020 1562 concubuisse
1042 1498 1126 1565 vine

250 1642 318 1680 nem
340 1621 393 1679 hoc
410 1619 478 1684 ,loco
494 1618 626 1679 studium
648 1617 721 1678 illud
743 1617 840 1679 Ovidii
862 1623 1034 1700 pronomine
1054 1620 1109 1681 sibi
1130 1623 1250 1680 invicem
1273 1643 1321 1701 op·

251 1724 378 1806 ponendi
404 1724 442 1784 ed
472 1727 722 1805 transpositionem
754 1728 932 1804 pronominis
962 1726 1034 1803 ‘ego'
1065 1725 1214 1785 invitabat.
1265 1729 1321 1785 iem

252 1833 341 1891 errori
362 1833 412 1890 vix
434 1830 552 1892 obnoxii
575 1832 680 1898 erimus
699 1828 737 1888 ed
758 1830 880 1890 similem
901 1832 1043 1892 rationem
1057 1833 1213 1891 referentes
1226 1832 1321 1891 Plaut.

251 1936 315 1996 Mil.
337 1937 376 2014 gl.
398 1941 431 2000 II
455 1942 482 2009 2,
507 1940 545 1997 89
568 1954 611 2013 sq.
1111 1919 1118 1934 ⁸

338 2076 406 2117 eom
422 2076 560 2138 ,aequam
581 2053 691 2132 vidisse
714 2056 801 2139 apud
821 2066 848 2117 tc
870 2064 978 2117 contre
999 2075 1174 2119 consenum
1195 2076 1296 2118 mecm

322 2182 406 2221 *cem
427 2182 481 2221 ceo
504 2170 642 2222 amatore
665 2160 889 2243 ampiectentem
909 2171 997 2243 atquc
1021 2160 1204 2222 ostentantem

252 2298 421 2360 adverbium
452 2299 568 2359 ‘contre'
600 2301 692 2373 enim,
723 2300 803 2378 quod
831 2297 868 2358 ed
896 2299 1017 2359 verbnm
1044 2299 1157 2359 finitum
1186 2302 1321 2378 ‘ergnem'

252 2408 386 2486 pertinet,
411 2406 473 2464 eum
495 2405 534 2464 ob
557 2425 672 2464 ceusmn
700 2407 732 2463 in
754 2410 994 2464 constructionem
1022 2407 1174 2464 accusativi
1195 2425 1261 2465 eum
1281 2408 1324 2466 in·

253 2511 363 2570 finitivo
391 2509 554 2570 traductum
583 2529 646 2570 esee
673 2508 804 2584 videtur,
829 2519 862 2569 nt
888 2510 1039 2570 alliteretio
1061 2513 1218 2590 primarum
1237 2512 1324 2591 sylle-

246 2615 356 2687 .berum
378 2619 409 2675 in
432 2615 551 2675 vocibus
581 2622 690 2699 ‘nonne
718 2615 894 2674 conservum’
923 2617 1018 2674 acrius
1046 2617 1249 2695 perciperetur.
1294 2619 1325 2676 in

254 2724 354 2802 primis
368 2719 520 2798 Augustae
534 2722 635 2781 aetatis
656 2729 759 2800 poetae
780 2719 858 2781 bend
880 2740 944 2779 raro
967 2720 1188 2781 insolentissime
1202 2721 1325 2782 duorum

255 2829 468 2889 enuntiatorum
490 2826 579 2886 verbe
601 2825 787 2906 dissiparunt,
809 2824 897 2885 veluti
919 2824 972 2885 Ov.
995 2826 1056 2885 her.
1078 2831 1124 2890 XI
1146 2832 1185 2889 36

344 2964 347 2972 ’
423 2964 540 3031 quoqne
562 2968 651 3008 ceum
671 2956 795 3029 poteret
815 2966 885 3008 voce
906 2945 1038 3029 repebat
1059 2968 1158 3007 ecem.

254 3067 426 3127 adiectivum
450 3068 551 3127 ‘snum’
573 3071 733 3126 sentcntiae
754 3067 941 3127 secundariae
962 3070 1003 3125 ita
1025 3069 1184 3126 immixtum
1208 3077 1267 3143 est,
1293 3078 1326 3129 ut

255 3172 393 3231 attribute
424 3184 452 3231 et
480 3173 660 3233 substantive
687 3194 739 3253 per
769 3193 883 3233 versum
911 3162 1123 3253 pentametrum
1151 3173 1244 3232 locate
1268 3146 1327 3233 sint

256 3275 414 3336 secundum
436 3279 587 3338 formulam
609 3277 714 3339 Ovidio
735 3281 860 3338 maxime
886 3279 1107 3357 frequentatam.
1149 3277 1199 3336 ille
1230 3287 1326 3338 entem

257 3435 345 3442 -.η-..-
348 3436 466 3443 --.-—.-

344 3533 365 3598 ¹)
390 3536 520 3597 Quoniam
549 3553 616 3600 quse
640 3538 793 3588 exhibemus
822 3537 942 3600 exempla
968 3553 982 3586 e
1009 3541 1197 3588 sententiarum
1223 3552 1327 3588 conexu

257 3624 359 3674 sublate
376 3625 460 3686 primo
480 3628 572 3675 obtutu
589 3625 695 3674 difficile
713 3627 913 3688 intelleguntur,
940 3628 1050 3688 gretiam
1070 3629 1181 3676 fortusse
1204 3628 1327 3678 inibimus

258 3712 396 3774 electore,
419 3715 489 3776 quod
508 3715 535 3763 in
552 3714 593 3771 his
611 3711 789 3777 similibusque
808 3716 928 3764 omnibus
946 3719 999 3765 fere
1018 3717 1055 3766 eis
1072 3717 1152 3777 signis
1170 3718 1210 3766 usi
1227 3733 1327 3780 sumus,

257 3802 351 3863 quibus
370 3817 418 3850 nos
435 3803 514 3851 hodie
532 3803 644 3851 solemus
662 3806 772 3851 duarum
795 3805 1003 3854 enuntiationum
1026 3805 1140 3854 membre
1160 3786 1327 3868 distinguere.

258 3900 365 3955 appetet
382 3898 469 3940 temen
487 3891 514 3939 id
531 3893 560 3940 in
579 3891 707 3941 eiusmodi
726 3892 852 3940 cretionis
864 3896 955 3959 fornia,
976 3910 1027 3958 qne
1048 3894 1240 3955 coniunguntur
1259 3909 1328 3956 quae

257 3981 361 4045 proprie
379 3981 529 4030 distinendo
546 3988 628 4045 erent,
645 3980 752 4029 minime
770 3988 839 4029 recte
857 3981 920 4032 fieri.
947 3998 1027 4046 quere
1045 3997 1098 4032 non
1117 3981 1168 4030 nisi
1186 3982 1328 4046 perspicui·

259 4068 327 4117 tetis
337 4084 417 4118 oense
434 4085 483 4119 nos
502 4070 646 4120 cretionem
665 4069 701 4117 ite
719 4068 903 4132 interpungere
920 4072 1039 4120 volumus
1056 4071 1197 4120 declarare.
