3034 4675
648 297 855 360 „55-

302 471 369 536 ταῖς
389 443 502 543 coiri?
524 462 677 527 Ἀπόλλων
698 463 877 537 ῦποκόλαιος
898 465 967 525 αἰνὰ
984 463 1121 545 χολώθη,
1151 511 1154 517 1
1260 519 1262 522 .

214 572 262 629 cui
283 587 409 650 prorsus*
423 571 525 630 similis
548 579 592 629 est
613 570 694 629 Iocus
714 571 861 659 Theocriti
884 570 925 636 id,
946 575 976 632 ΙΙ
1002 576 1058 633 137

302 690 351 751 καὶ
373 691 494 773 νύμφαν
515 688 635 770 ἓσόβησ’
657 688 700 751 ἔτι
721 689 827 771 δέμνια
846 692 959 776 θερμὰ,
971 696 1117 766 λαιοῖσαν,

214 812 266 872 ubi
292 814 458 874 Meinekius
488 822 573 873 antes
601 817 664 873 sine
699 834 785 874 causo
819 815 923 874 idonea
960 818 1081 875 mutavit
1113 812 1285 893 ἓπιῦὲμνια,

214 916 386 978 adieetivum
417 921 493 978 enim
522 918 626 1000 θερμά
654 918 692 978 ab
713 918 850 980 adverbio
879 924 1039 981 seiunctum
1061 928 1143 980 acuto
1166 929 1286 978 accentu

217 1027 427 1103 pronuntiatur.
472 1027 662 1104 postpositum
685 1034 729 1084 est
750 1025 918 1086 adverbium
941 1026 1027 1086 Babr.
1054 1033 1122 1099 100,
1150 1031 1164 1087 1

421 1146 503 1228 λύκῳ
523 1146 654 1225 σανήντα
677 1147 803 1225 πιμελής
825 1147 905 1208 κύων
927 1148 1002 1228 λιήν,

216 1265 320 1343 Quint,
340 1267 458 1349 Smyru.
480 1269 561 1328 XIII
585 1274 642 1331 271

325 1383 330 1388 ’
391 1390 514 1452 κάλλιπε
536 1391 653 1452 τυτθὸν
674 1390 877 1474 ἐνὶμεγάροις
901 1386 944 1451 ἔτι
966 1390 1070 1450 παῖδα.

214 1520 342 1571 ceterum
377 1512 444 1572 vide
479 1512 686 1574 Schneiderum
723 1513 762 1573 ad
799 1515 910 1575 callim.
941 1514 968 1575 h.
997 1518 1039 1577 IV
1068 1519 1139 1576 205.
1191 1533 1286 1594 neque

214 1620 336 1676 orationi
359 1617 484 1697 pedestri
513 1619 585 1677 haee
610 1621 738 1679 traiectio
766 1629 809 1678 est
836 1621 997 1697 incognita3
1034 1619 1069 1678 of.
1092 1620 1170 1678 Xen.
1202 1639 1285 1681 conv.

216 1722 260 1781 IV
284 1730 323 1784 40
347 1719 431 1783 οῦιλέν
456 1721 551 1795 οὕτως
572 1722 632 1805 ὁρῶ
655 1726 771 1806 φαῦλον
794 1720 887 1807 ἔργον,
925 1725 1141 1805 cyrop.v14‚
1167 1730 1185 1788 8
1207 1723 1286 1803 ἥξειν

215 1827 300 1910 αὐτῷ
335 1849 366 1889 σε
399 1830 474 1888 πολὺ
505 1813 620 1907 μᾶλλοῦ
643 1818 793 1910 Ἀράσπον
824 1830 920 1911 ἄνδρα
954 1829 1003 1889 καὶ
1032 1827 1206 1911 πιστότερον
1235 1830 1284 1890 καὶ

215 1919 383 2011 ἀμὲίμονας
417 1935 511 1993 Thur.
531 1939 563 1996 II
592 1940 630 1996 83
658 1935 738 2007 ὅπως
767 1935 809 2014 μὴ
838 1936 1054 2015 ξαμβοηθῶσιν
1080 1930 1108 1995 oi
1133 1934 1193 1994 ἀπὸ
1221 1938 1285 1995 θα·
1381 1937 1384 1949 ’

216 2035 328 2117 λάσσης
350 2038 412 2099 λίνω
438 2035 631 2121 Ἀκαρνᾶνες,
654 2041 705 2101 ubi
726 2041 895 2100 adverbium
917 2042 988 2116 ἄνω,
1018 2061 1082 2099 cum
1101 2041 1189 2100 verbo
1209 2041 1285 2118 ’ξομ-

215 2145 376 2223 βοηθῶσιν
407 2144 656 2223 coniungendum,
692 2155 758 2226 post
789 2144 878 2205 verbo
911 2145 971 2204 ἀπὸ
1003 2142 1163 2222 θαλάσσης
1194 2156 1285 2206 trano

216 2251 341 2329 positum
364 2258 421 2323 est,
451 2259 550 2310 utres
573 2252 746 2324 contrariae,
779 2249 913 2329 eoquod
942 2251 1017 2309 inter
1038 2239 1069 2310 se
1090 2261 1284 2330 opponuntur,

215 2358 307 2434 magis
328 2359 568 2436 conspicerentur.
610 2364 820 2437 nonnunquam
840 2367 938 2416 autem
958 2354 1161 2416 adverbiorum
1180 2342 1305 2437 hyper-¹

218 2461 284 2521 bato
306 2464 443 2521 orationis
465 2460 638 2538 ambiguitas
660 2462 794 2535 efficitur,
824 2483 889 2521 cum
911 2465 1050 2522 incertum
1072 2464 1125 2535 sit,
1155 2482 1214 2542 quo
1235 2461 1285 2521 ad-

214 2568 345 2626 verbium
375 2575 501 2647 spectet,
533 2586 629 2646 neque
656 2587 723 2627 cum
750 2570 882 2648 proximo
910 2567 1017 2642 verbo,
1050 2567 1101 2653 sed
1134 2571 1286 2629 remotiore

216 2674 343 2732 construi
372 2670 484 2731 debeat.
521 2675 577 2731 iam
605 2671 675 2733 Iocis
703 2674 760 2733 illis
782 2675 961 2747 Homericis,
989 2690 1062 2753 quos
1082 2693 1170 2753 supra
1191 2674 1284 2748 ciuili,

217 2777 288 2836 haec
309 2777 425 2837 licentia
446 2779 640 2854 cognoscitur3
675 2782 783 2859 pariter
804 2779 925 2839 obscura
946 2786 989 2837 est
1009 2781 1100 2838 oratio
1123 2781 1153 2837 in
1174 2779 1285 2859 Sopho·

214 2867 266 2943 ciis
281 2903 374 2957 versu,
390 2903 408 2941 a
422 2882 520 2953 multis
535 2881 653 2961 quidem
667 2902 720 2961 pro
735 2882 888 2942 subditicio
902 2881 1009 2955 habito,
1033 2881 1085 2942 sed
1105 2903 1124 2942 a
1137 2883 1285 2944 Boeckhio

157 2973 160 2978 ⁸
214 2999 302 3062 reete,
324 2999 357 3048 ut
369 2989 444 3048 mihi
454 2987 576 3061 videtur,
595 2986 713 3047 defenso
728 2985 808 3070 (vide
822 2986 909 3047 etiem
924 2986 1136 3047 Kirchhoffium
1151 2988 1224 3049 tiber
1238 2988 1285 3048 die

144 3098 146 3101 ’
216 3094 472 3171 Entstehungszeit
486 3092 537 3153 des
552 3091 800 3153 Herodoteischen
809 3092 1084 3165 Geschichtswerks,
1108 3093 1183 3155 Berl.
1205 3099 1283 3156 1818

215 3223 244 3281 p.
269 3207 285 3262 8
309 3199 368 3281 sq.)
391 3200 489 3277 Antig.
514 3206 575 3261 904

367 3321 463 3381 καίτοι
485 3316 514 3381 o'
536 3318 593 3401 ἐγὼ
613 3317 737 3400 ’τίμησα
759 3327 823 3391 τοῖς
845 3326 1004 3402 φρονοῦσιν
1026 3311 1069 3394 εὖ,

213 3444 264 3503 ubi
297 3436 330 3502 εὖ
362 3462 427 3501 cum
459 3440 602 3521 ἐτίμησα,
639 3462 698 3500 non
727 3461 793 3500 cum
822 3448 980 3523 φρονοῦσιν
1011 3438 1189 3518 iungendum
1222 3458 1285 3500 esse

214 3550 357 3609 sententia
379 3538 488 3607 suodet.
528 3549 627 3626 itaque
645 3555 766 3626 apparet
786 3567 845 3605 non
868 3567 939 3627 opus
962 3565 1024 3606 esse
1045 3544 1170 3607 Nauckii
1192 3554 1284 3605 truns-

109 3656 112 3663 '
214 3656 357 3735 posItione
375 3655 407 3711 in
428 3651 577 3732 Euripidis
598 3672 683 3711 versu
705 3652 769 3710 Ion.
794 3656 854 3714 358

367 3774 404 3835 τὰ
426 3773 510 3834 κοινὰ
529 3772 643 3855 χαίρων
664 3781 774 3850 μοῦνος
796 3773 831 3833 οῦ
852 3771 954 3833 δίκαια
976 3771 1044 3860 ὁρᾷ.
1094 3768 1097 3775 ’

213 3920 277 3959 cum
299 3897 430 3959 codicum
451 3898 592 3976 scripturo

366 4020 405 4100 σὰ
427 4016 511 4078 κοινὰ
530 4016 647 4099 χαίρων
667 4018 703 4077 οῦ
723 4016 825 4078 δίκαια
849 4018 908 4104 δρᾷ
928 4015 1020 4095 μόνος

214 4143 362 4221 superiore
383 4140 515 4220 exemplo
537 4141 607 4199 satis
629 4138 814 4214 defendatur3
844 4142 930 4199 immo
953 4139 1083 4200 consulto
1105 4147 1198 4220 poeto,
1218 4157 1285 4197 cum
