3034 4675
674 241 887 305 ..50-

1028 369 1035 390 .

246 409 408 470 firmissime
437 427 570 470 assevero
606 408 695 469 verba
726 410 803 469 hunc
834 412 866 469 in
897 411 1027 471 ordinem
1065 432 1127 473 esse
1161 401 1320 491 redigenda

247 517 329 574 ‘vites
349 534 476 594 aequora
489 515 553 574 fusa
573 516 649 576 inter
662 515 780 573 nitentis
794 514 955 593 Cycladas'.
987 518 1143 578 ‘interfusa'
1158 522 1235 579 enim
1249 523 1317 580 scri-

247 618 316 704 bere
337 619 491 689 nonlicet,
515 637 580 677 cum
601 637 698 678 casum
719 618 849 679 dativum
870 622 1013 699 efflagitet.

295 799 297 806 ,
333 746 365 805 Si
394 747 460 823 quis
487 752 581 804 autem
611 748 757 804 seiunctae
783 749 1002 825 praepositionis
1032 747 1179 828 exempla,
1212 750 1319 828 quibus

247 852 336 932 plana
356 852 545 931 perscipuitas
572 852 708 910 orationis
730 853 879 910 interiecto
899 850 989 911 altero
1011 871 1078 911 casu
1099 853 1249 934 deperdita
1269 859 1317 929 sit,

248 957 406 1015 accuratius
426 954 656 1034 perlustraverit,
686 955 879 1014 Alexandrini
901 959 951 1036 qui
974 956 1108 1017 dicuntur
1128 969 1231 1040 poetae
1252 980 1316 1019 cum

247 1081 299 1121 sua
327 1068 404 1119 secta
432 1060 493 1119 fere
520 1060 574 1119 soli
601 1074 617 1119 e
646 1060 766 1122 Graecis
795 1061 869 1119 hanc
896 1063 1042 1122 licentiam
1071 1063 1125 1122 sibi
1154 1067 1319 1145 permisisse
1397 1106 1399 1109 ψ

246 1165 389 1226 videntur.
419 1174 507 1244 atque
529 1164 560 1224 id
581 1165 709 1225 consulto
732 1166 869 1240 fecerunt,
893 1177 927 1227 ut
945 1172 1121 1249 antiquiores
1141 1171 1318 1251 supergressi

210 1341 212 1352 Ι
246 1279 471 1332 consummatam
500 1270 672 1347 elegantiam
701 1280 730 1330 et
758 1275 979 1333 concinnitatem
1006 1284 1230 1354 assequerentur
1255 1295 1318 1333 ora·

247 1380 413 1456 tionemque
447 1372 611 1435 redderent'
639 1365 777 1450 vividam,
815 1397 996 1457 expressam,
1029 1389 1153 1442 acutam.
1191 1389 1223 1439 at
1257 1400 1317 1439 non

248 1501 365 1563 prorsus
393 1489 479 1541 autea
506 1479 636 1542 inaudita
658 1490 687 1540 et
708 1481 795 1560 plane
816 1483 943 1568 solitaria
965 1493 1033 1543 sunt
1054 1488 1130 1557 ausi,
1164 1484 1216 1544 sed
1244 1488 1316 1543 veri-

246 1589 339 1648 simile
360 1596 404 1647 est
428 1607 523 1647 raram
550 1587 706 1665 lyricorum
727 1597 879 1667 poetarum
904 1589 1067 1650 libertatem
1094 1592 1125 1649 in
1153 1590 1318 1671 exemplum

247 1693 302 1754 sibi
322 1694 477 1773 sumpsisse
497 1691 571 1765 illos,
594 1692 700 1772 quibus
721 1713 780 1773 quo
801 1696 970 1760 insolentius
984 1694 1095 1776 aliquid
1117 1705 1178 1755 erat
1198 1695 1316 1769 dictum,

247 1819 281 1859 eo
310 1801 401 1876 magis
429 1801 587 1859 imitatione
619 1797 738 1875 dignum
771 1798 930 1859 videbatur.
971 1799 1039 1859 inde
1073 1799 1111 1859 ad
1146 1802 1316 1860 Latinorum

246 1914 347 1985 poetas
383 1923 473 1963 novos
513 1904 585 1964 haec
621 1902 741 1962 audacia
776 1908 924 1985 pervenit,
970 1910 1021 1985 qui
1053 1905 1318 1967 Alexandrinorum

246 2013 373 2070 carmina
395 2009 614 2094 diligentissime
631 2008 799 2069 lectitabant
820 2018 849 2068 et
870 2009 908 2069 ad
926 2030 1025 2071 eorum
1046 2021 1137 2072 artem
1158 2020 1233 2071 totos
1254 2031 1319 2071 sese

246 2116 438 2197 applicabant
473 2135 573 2175 verum
605 2117 749 2175 enimvero
781 2115 819 2174 ad
849 2115 988 2176 eiusmodi
1016 2125 1172 2177 structuras
1200 2116 1320 2194 linguae

246 2224 369 2282 Latinae
388 2222 563 2281 alacritatem
583 2230 612 2281 et
633 2223 716 2301 quasi
737 2221 896 2298 agilitatem
917 2222 1080 2283 facultatem
1098 2220 1211 2283 dedisse
1224 2226 1320 2303 poetis
1369 2251 1371 2254 ·

247 2338 276 2387 et
297 2329 380 2408 quasi
401 2330 610 2408 provocavisce,
633 2349 698 2388 cum
720 2349 773 2407 per
790 2347 822 2386 se
839 2338 1062 2389 consentaneum
1084 2336 1136 2402 est,
1159 2336 1221 2388 tum
1241 2349 1317 2388 corn·

246 2434 372 2513 probant
405 2433 628 2495 obtestationum
666 2432 732 2493 illae
763 2433 903 2492 formulae
932 2437 989 2493 iam
1024 2456 1042 2493 a
1074 2436 1170 2515 poetis·
1198 2436 1318 2494 scenicis

217 2595 229 2615 ,
247 2539 372 2621 quadam
394 2542 612 2599 constructionis
633 2538 821 2616 ambiguitate
842 2541 1003 2616 insignitae.

616 2820 697 2903 st.
745 2826 798 2903 lle
829 2825 950 2902 tmesi.

333 3032 406 3099 Cum
428 3039 597 3118 quaestione
623 3057 666 3112 ea,
699 3058 776 3117 quae
798 3046 841 3095 est
861 3036 898 3097 de
919 3035 1110 3095 disiunctione
1131 3037 1317 3114 praepositio·

246 3166 337 3218 num,
363 3147 499 3224 proxime
527 3144 661 3203 cohaeret
685 3143 778 3220 figura
804 3142 855 3200 illa
875 3144 1073 3218 grammatica,
1100 3160 1176 3220 quae
1200 3151 1344 3207 vocatur¹

247 3252 381 3329 ‘tmesis'3
419 3248 591 3328 plerumque
620 3251 696 3309 enim
725 3250 822 3307 tmesis
851 3245 882 3306 id
903 3245 1058 3327 hyperbati
1086 3266 1178 3323 genus
1202 3244 1316 3317 dicitur,

247 3376 305 3436 quo
333 3356 507 3433 praepositio
529 3374 548 3412 a
569 3355 657 3413 verbo
686 3355 843 3432 composito
865 3362 1014 3431 separatur
1034 3373 1093 3412 uno
1117 3360 1169 3412 aut
1189 3349 1315 3427 complu·

245 3460 325 3520 ribus
361 3459 507 3519 vocabulis
541 3461 707 3523 interiectis.
759 3457 810 3518 sed
844 3478 863 3516 a
896 3461 992 3536 priore
1026 3459 1207 3537 paragrapho
1242 3457 1317 3514 hanc

246 3566 368 3643 figuram
405 3566 534 3639 seiunxi,
572 3567 641 3645 quia
677 3566 764 3622 etiam
802 3566 832 3622 in
867 3563 932 3623 aliis
967 3563 1113 3623 vocabulis
1151 3583 1168 3623 e
1204 3561 1318 3621 duobus

246 3669 381 3729 membris
403 3672 566 3748 compositis
588 3669 635 3727 hic
657 3668 715 3729 illic
736 3670 918 3747 conspicitur.

332 3793 422 3873 Apud
444 3795 602 3857 Homerum
631 3796 729 3855 tmesis
750 3795 972 3872 praepositionis
993 3814 1052 3852 non
1078 3796 1173 3851 minus
1195 3803 1238 3851 cst
1259 3793 1316 3851 usi-

246 3911 307 3962 tata
329 3921 417 3981 quam
438 3904 499 3961 eius
521 3922 586 3972 cum
601 3901 688 3962 verbo
709 3901 893 3978 compositio3
921 3920 980 3958 non
1002 3901 1089 3977 igitur
1110 3898 1148 3958 ad
1169 3901 1316 3976 propriam

247 4010 376 4085 poeticae
406 4007 538 4067 dictionis
570 4007 747 4080 libertatem,
785 4004 836 4065 sed
867 4003 905 4063 ad
937 4024 1117 4064 communem
1146 3992 1317 4081 antiquioris

247 4114 352 4175 Graeci
374 4115 513 4173 sermonis
534 4131 618 4171 usum
640 4115 773 4189 pertinet,
798 4131 834 4169 ex
856 4130 914 4189 quo
930 4110 987 4170 illis
1001 4108 1188 4188 temporibus,
1211 4108 1318 4187 quibus
