3034 4675
553 275 852 373 '-7o-

207 477 300 555 figure
322 478 492 556 exquisitius
513 475 627 537 dicendi
656 496 747 556 genus
776 455 934 560 poetarum,
957 501 1016 559 quo
1038 480 1080 542 illi
1102 481 1223 541 obsoleti
1245 503 1279 541 ac

206 600 320 661 semper
347 579 448 641 eodem
469 580 555 641 modo
575 583 744 642 conformati
766 587 903 644 sermonis
924 584 1071 645 fastidium
1092 588 1199 646 evitare
1220 596 1279 647 stu·

207 687 340 761 deerunt,
363 707 429 747 cum
440 685 481 759 id,
496 688 575 766 quod
589 692 706 770 proprie
720 691 762 748 eis
775 709 850 769 quae
872 689 1049 771 praecedunt
1061 691 1277 769 adiungendum

207 802 278 865 crat,
295 812 361 851 cum
375 793 563 873 sequentibus
577 794 672 854 verbis
687 794 724 853 ad
739 814 815 875 quae
826 798 934 876 pariter
944 798 1070 876 pertinet
1087 807 1278 857 concuterent.

143 881 145 896 ’
292 898 335 958 Vt
347 917 366 955 a
381 897 468 957 rebus
482 881 678 959 minutissimis
701 901 814 960 initium
836 901 981 974 1111111111,
1004 922 1091 982 saepe
1112 903 1174 963 fieri
1195 899 1277 976 solet,

208 1010 241 1061 ut
262 1005 435 1083 praepositio
463 1003 547 1063 alteri
572 1005 701 1066 membro
730 1009 838 1066 inserte
859 1009 917 1065 vim
945 1027 1026 1066 suam
1051 1010 1082 1065 in
1109 1009 1279 1069 vocabulum

208 1115 311 1194 prioris
333 1111 538 1172 enuntiationis
560 1119 699 1170 exerceat.
744 1112 885 1192 exemplis
913 1112 984 1171 haee
1008 1132 1055 1173 res
1076 1115 1184 1193 optime
1204 1135 1279 1174 com-

208 1219 357 1298 probatur.
399 1221 497 1297 itaque
526 1218 562 1275 cf.
585 1216 735 1276 Alcmanis
757 1218 813 1294 frg.
835 1222 873 1280 21
898 1218 1004 1294 Bergk,
1027 1218 1112 1278 Pind.
1135 1219 1224 1298 Pyth.
1247 1220 1279 1279 II
1347 1243 1348 1248 ¹

211 1329 266 1395 11,
296 1325 326 1384 V
343 1331 392 1398 65,
422 1324 467 1383 IV
486 1328 558 1395 leo,
581 1322 792 1382 Timocreontis
816 1322 870 1399 frg,
894 1326 912 1383 8
934 1322 1048 1400 Bergk,
1071 1324 1176 1384 Aeseh.
1198 1325 1280 1383 Pers.

209 1434 281 1501 492,
303 1428 405 1509 Suppl.
430 1435 500 1501 299,
531 1427 619 1508 Soph.
641 1425 677 1487 Ο.
700 1429 735 1487 R.
764 1433 833 1501 734,
857 1426 957 1505 Antig.
983 1433 1053 1502 367,
1079 1429 1280 1510 Arist·Veep.

215 1540 292 1597 1013
319 1554 363 1614 sq.
405 1534 552 1614 complura
581 1533 713 1613 exempla
739 1534 959 1612 praepositionis
991 1532 1028 1592 ad
1060 1538 1140 1615 prius
1175 1555 1281 1594 nomen

207 1640 342 1712 omissae,
387 1642 498 1718 positae
539 1637 578 1698 ad
616 1638 738 1698 alterum
773 1636 915 1697 dederunt
949 1638 1282 1700 Monk-Wuestemann

208 1742 246 1803 ad
266 1745 368 1824 Eurip.
392 1744 455 1804 Alc.
483 1751 556 1818 114,
579 1744 745 1803 Lobeokius
762 1742 803 1801 ¹od
830 1742 919 1823 Soph.
941 1745 988 1802 Αἰ.
1012 1766 1041 1825 p.
1066 1751 1126 1809 248
1152 1745 1197 1806 ed.
1220 1746 1281 1818 alt,

208 1849 375 1909 Meinekius
395 1849 434 1908 ad
455 1849 544 1930 Soph.
568 1848 603 1909 0.
626 1849 659 1910 0.
684 1855 774 1911 936.Δ
811 1849 880 1907 hinc
905 1848 1040 1910 facillime
1069 1842 1161 1910 etiam
1183 1870 1282 1912 versus

210 1957 313 2035 Eurip.
335 1956 446 2015 Phoen.
471 1961 530 2018 361
555 1953 723 2014 emendatus
744 1962 789 2013 est
807 1973 825 2012 a
847 1953 950 2015 Grotio

410 2059 489 2121 οὕτω
511 2056 544 2121 δὲ
566 2058 678 2142 τάρβος
699 2056 740 2131 εἰς
759 2056 857 2141 φόβον
878 2054 906 2118 τ’
928 2057 1090 2140 ἀφικόμην.

211 2166 286 2224 inter
307 2174 407 2246 poetas
428 2168 533 2246 prioris
553 2167 671 2238 aetatis,
702 2162 782 2246 quod
809 2163 923 2224 silentio
944 2167 1100 2244 praeterire
1125 2166 1282 2239 nonlicet,

212 2273 336 2330 maxime
350 2271 494 2331 Pindarus
511 2272 586 2331 hanc
604 2271 821 2331 collocationem
836 2272 866 2328 in
882 2267 991 2329 deliciis
1012 2269 1147 2330 habuisse
1160 2269 1283 2343 videtur,

212 2377 248 2434 cf.
264 2377 429 2437 Bosslerum
442 2400 472 2459 p.
490 2382 539 2440 84.
572 2380 746 2438 recentiores
765 2373 871 2435 deinde
891 2385 995 2457 poetae
1017 2386 1046 2435 et
1067 2380 1189 2436 seriores
1210 2379 1284 2458 epici

212 2483 242 2540 in
265 2483 353 2542 semel
374 2484 468 2563 posita
495 2482 680 2563 secundoque
702 2481 818 2541 demum
844 2480 1024 2542 substantivo
1046 2481 1181 2542 adiuncta
1202 2486 1284 2562 prae*-
1399 2497 1404 2500 ⁴

212 2589 355 2667 positione
371 2587 517 2667 quandam
536 2590 711 2668 quaesivisse
732 2586 867 2647 videntur
888 2586 1067 2664 elegantiam,
1091 2607 1157 2647 oum
1178 2590 1284 2668 saepis-

119 2723 121 2727 <
214 2695 286 2752 sime
300 2694 554 2773 frequentaverint.
585 2693 800 2754 1101111111.
823 2691 856 2751 Π
880 2691 1041 2766 8,Μ11111
1061 2692 1092 2750 Π
1110 2697 1178 2763 142,
1193 2693 1283 2772 epigr.

214 2818 233 2856 a
253 2798 380 2858 Kaibelo
410 2798 487 2858 edita
511 2820 555 2857 111.
580 2804 640 2860 618
664 2820 690 2857 t.
715 2803 743 2872 8,
774 2819 818 2857 nr.
840 2803 898 2859 663
922 2817 950 2856 v.
975 2801 1010 2872 83
1040 2799 1140 2857 Nonni
1161 2796 1284 2875 Dionys.

213 2903 289 2962 XLI
316 2912 371 2967 107
404 2905 439 2964 οὐ
466 2902 596 2986 Πάφον,
625 2905 678 2964 οὐκ
706 2901 754 2963 inl
786 2902 909 2981 Βύβλον
937 2899 1117 2982 &diploma
1146 2904 1286 2981 Erytium

212 3010 294 3083 anth.
310 3010 373 3069 Pal.
385 2995 431 3070 VI
448 3016 518 3083 255,
536 3016 564 3072 3.
582 3019 708 3070 ceterum
723 3009 790 3068 vide
805 3007 841 3068 Ο.
862 3007 1070 3068 Schneiderum
1083 3010 1115 3066 in
1131 3007 1287 3068 Nicandeis

215 3138 245 3194 p.
270 3122 319 3190 83,
342 3117 448 3177 Naekii
477 3135 574 3192 opusc.
597 3116 629 3174 H
659 3119 717 3188 72,
741 3113 811 3174 Otto
839 3113 1038 3188 Schmidtium,
1064 3112 1101 3173 (le
1127 3113 1288 3173 elocutione

214 3220 341 3302 Oppiani
362 3221 536 3302 Apamensis
558 3222 661 3303 (lenae
681 3220 774 3301 1856)
804 3242 832 3299 p.
854 3227 905 3283 49.
928 3239 966 3279 ex
986 3219 1155 3296 anthologia
1175 3218 1288 3279 Graeca

184 3385 188 3393 f
214 3331 363 3404 complura
384 3326 519 3405 exempla
538 3326 659 3385 contulit
680 3325 839 3398 Finslerus,
863 3325 1011 3385 Kritische
1024 3325 1288 3401 Untersuchungen

215 3453 267 3489 zur
289 3431 394 3492 Gesch.
418 3429 470 3490 der
493 3431 600 3508 griech.
623 3430 802 3507 Anthologie
822 3451 851 3510 p.
874 3438 924 3492 75.
974 3431 1058 3489 tertio
1080 3449 1198 3509 quoqne
1225 3430 1287 3487 loeo

153 3610 156 3617 ἢ
215 3538 389 3617 praepositio
411 3544 454 3596 est
474 3538 576 3616 posita,
599 3545 633 3595 ut
657 3535 695 3595 ad
718 3535 776 3595 duo
798 3534 999 3615 praecedentia
1019 3534 1200 3595 substantiva
1220 3533 1289 3592 inde

215 3643 254 3701 sit
263 3641 433 3722 supplenda,
446 3642 535 3700 veluti
545 3641 625 3721 apud
632 3642 819 3721 Antipatrum
828 3637 979 3699 Sidonium
990 3639 1070 3698 anth.
1083 3638 1146 3696 Pal.
1155 3638 1201 3697 VI
1213 3645 1258 3709 14,
1270 3647 1287 3699 5

280 3745 333 3806 τὸν
353 3743 409 3825 μὲν
429 3747 487 3828 γὰρ
508 3744 649 3825 ξυλόχων,
672 3745 725 3805 τὸν
746 3740 782 3804 δ’
805 3741 899 3826 ἠέρος,
921 3745 955 3804 ὃν
977 3741 1012 3804 δ’
1034 3743 1093 3804 ἀπὸ
1114 3741 1230 3820 λίμνας,

217 3852 299 3910 etin
319 3855 457 3931 anonymi
480 3856 569 3933 epigr.
592 3853 672 3912 anth.
695 3850 758 3909 Pel.
779 3849 843 3909 XII
869 3856 936 3921 136,
962 3856 979 3912 3

216 4063 361 4123 interdum
384 4066 469 4122 etiam
491 4062 616 4122 secundo
639 4084 656 4122 e
677 4061 770 4120 tribus
792 4060 955 4121 nominibus
977 4061 1152 4139 praepositio
1174 4057 1289 4117 adnexa

217 4167 332 4244 legitur,
353 4171 388 4226 cf.
412 4169 597 4246 Antipatrum
620 4166 699 4225 anth.
722 4165 785 4225 Pal.
801 4166 846 4224 VI
867 4173 933 4237 111,
956 4173 1026 4241 leq.
1050 4172 1079 4222 ct
1101 4164 1289 4240 Crinagoram
