3034 4675
630 270 844 334 ..49-

288 462 359 504 neoe
379 452 467 526 pates
489 440 521 503 in
543 461 600 515 ene,
627 441 710 523 quod
732 440 826 515 abest,
843 441 1024 523 promittere
1046 439 1209 523 tempaal).

199 549 380 607 aecusativus
405 548 584 625 pronominis
616 546 859 625 praepositionem
892 546 1011 625 eiusque
1044 563 1140 604 omum
1172 544 1275 604 eodem

201 662 286 734 paeto
308 652 426 711 distinet
447 660 535 731 atque
556 652 588 709 in
610 650 742 729 exemplo
765 651 923 710 Horatiano
945 670 1034 730 supra
1054 652 1148 709 uitato.
1190 655 1274 710 mira-

201 758 278 818 beris
311 760 494 838 eouspieuum
523 757 663 816 librorum
691 754 827 815 mendum
859 754 899 814 ‘id
921 756 975 814 me‘
1007 763 1066 814 tam
1090 755 1176 833 longo
1203 767 1273 815 tem-

201 884 273 943 poro
294 863 499 944 indeprensum
518 861 609 921 latere
631 861 768 941 potuisse.
811 860 938 940 proclive
958 869 1056 920 autem
1076 860 1131 921 fuit
1150 861 1274 921 librariis

201 991 254 1050 pro
285 969 332 1029 ‘in'
364 969 538 1029 substituere
568 965 627 1040 ‘id’,
666 964 745 1045 quod
776 968 1016 1046 praepositionem
1049 985 1114 1026 eum
1143 969 1273 1049 proxima

201 1056 343 1134 voeabula
365 1095 418 1154 pra
440 1093 493 1133 sua
515 1074 656 1153 sapientia
677 1071 899 1149 coniungebant.
929 1072 997 1132 huia
1018 1080 1113 1131 sertae
1134 1075 1188 1132 viri
1208 1072 1273 1131 doe-

198 1183 303 1242 tissimi
341 1182 521 1241 eonieoturae
556 1178 642 1237 liceat
673 1175 827 1236 adnectere
862 1176 1105 1251 emendationem,
1144 1176 1180 1236 de
1216 1198 1274 1257 qua

200 1285 309 1345 residet
334 1283 446 1364 aliquid
474 1283 669 1344 dubitationis.
708 1285 739 1341 in
765 1282 840 1342 Ciris
861 1291 1000 1363 poemate,
1026 1281 1105 1363 quod
1126 1286 1177 1362 qui
1198 1303 1273 1343 eom-

200 1393 298 1471 posuit
319 1389 464 1451 Catullum
485 1390 610 1449 maxime
632 1397 675 1447 est
695 1389 832 1461 imitatus,
855 1388 941 1466 vulgo
955 1388 1062 1465 legitur
1075 1386 1144 1446 inde
1157 1409 1175 1447 a
1188 1409 1214 1448 v.
1234 1396 1272 1451 54

289 1512 458 1596 complures
480 1510 566 1573 itiam
587 1520 614 1571 et
635 1510 750 1593 manni,
773 1508 921 1584 Messala,
940 1521 1050 1593 poetae
1072 1545 1113 1555 -

286 1641 360 1681 nam
380 1639 486 1681 aeram
499 1613 672 1698 fateamur,
693 1625 779 1678 amat
800 1613 1005 1698 Polyhymnia
1025 1636 1130 1677 oerum
1153 1651 1192 1661 ·-

287 1723 374 1806 ianoe
396 1723 459 1786 alia
475 1719 639 1803 perhibent
659 1731 810 1783 mutatam
830 1720 970 1783 membra
989 1720 1093 1804 riquira

286 1828 460 1911 Soyiiaeum
481 1835 619 1888 monstro
644 1846 754 1888 sanum
777 1823 923 1904 infestare
945 1827 1059 1890 neraei.

198 1953 322 2011 fortasse
344 1970 381 2009 ex
402 1950 472 2028 ipsis
495 1946 625 2006 eodioum
646 1946 705 2005 HR
723 1947 851 2023 vestigiis
873 1945 1080 2006 restituendum
1103 1956 1145 2005 est
1168 1993 1175 2002 .

287 2073 458 2158 complures
479 2071 566 2133 iiiam
586 2080 614 2132 et
634 2070 748 2153 moeni,
771 2070 919 2143 Messala,
936 2082 1046 2153 poetae
1069 2113 1150 2130 ....

287 2178 373 2261 ionpe
395 2176 489 2240 otiam
509 2175 667 2261 perhibent
688 2184 838 2238 mutatam
861 2175 894 2238 iu
915 2175 1054 2238 membra
1070 2177 1204 2259 Qunam
1219 2186 1272 2237 etc.

197 2321 277 2383 qnae
304 2299 393 2360 verba
421 2301 461 2358 ita
488 2299 646 2375 coniungas
677 2295 764 2356 ‘illam
796 2293 926 2356 membra
953 2305 1091 2357 mutatam
1129 2301 1159 2358 in
1186 2298 1272 2359 aliam

200 2410 339 2486 figuram',
363 2408 395 2464 in
416 2406 471 2464 hae
491 2414 590 2464 nostre
612 2404 754 2461 sententia
775 2422 835 2461 non
855 2402 957 2462 leviter
977 2403 1135 2464 confirmati
1164 2426 1270 2478 eumue,

198 2535 267 2574 eum
296 2511 419 2573 vidimus
446 2509 590 2585 Silligium
620 2507 697 2567 idem
718 2510 910 2585 eonsignasse.
928 2506 934 2514 ’
955 2510 1203 2570 commemoranda
1223 2510 1272 2571 de-

200 2623 290 2700 nique
309 2626 377 2678 sunt
391 2615 448 2675 duo
464 2615 577 2674 Horatii
593 2612 733 2693 exempla,
757 2633 880 2692 quorum
893 2617 925 2674 in
939 2635 997 2674 uno
1020 2616 1103 2697 epod.
1121 2622 1148 2689 2,
1171 2624 1209 2680 65
1227 2639 1271 2698 sq.

366 2738 540 2822 positosque
559 2756 679 2811 vernas,
702 2737 774 2801 ditis
796 2757 922 2800 examen
944 2739 1061 2816 domna,

367 2845 481 2906 eirenen
502 2843 665 2905 renidentis
688 2842 768 2906 lares

197 2969 349 3047 optionem
377 2966 478 3035 damus
519 2967 593 3023 inter
625 2964 752 3024 Nauekii
784 2967 970 3038 sententiam,
1006 2968 1057 3044 qui
1089 2969 1269 3047 participium

186 3071 377 3157 '‘renidentis’
408 3069 546 3129 vocabulo
576 3069 695 3128 ‘vernas’
726 3068 943 3147 adiungendum
972 3090 1034 3129 esse
1062 3056 1206 3146 autumat,
1242 3086 1271 3133 et

162 3210 171 3227 ι
199 3186 359 3237 ceterorum
391 3178 571 3256 opinionem,
602 3178 653 3255 qui
682 3173 857 3234 ‘renidentis'
888 3175 926 3234 ad
954 3178 1145 3235 accusativum
1176 3178 1268 3238 ‘lares’

200 3286 346 3364 pertinere
380 3291 408 3341 et
439 3281 686 3362 interpretandum
718 3299 781 3340 esse
813 3279 913 3339 dieunt
944 3281 1126 3358 ‘refulgentes
1157 3303 1175 3341 a
1206 3285 1269 3343 fooo

199 3387 366 3461 luculento’,
387 3395 438 3445 aut
461 3395 560 3447 ‘tereos
580 3407 615 3445 ao
635 3386 759 3467 politas‘.
805 3385 856 3446 sed
885 3395 918 3444 ut
938 3386 986 3444 hio
1009 3386 1089 3447 loeus
1110 3389 1141 3447 in
1162 3392 1269 3450 inserto

198 3493 380 3573 relinquitur,
402 3494 443 3551 sie
464 3495 495 3551 in
517 3491 607 3551 altero
629 3511 713 3553 earm.
735 3495 749 3553 Ι
776 3498 822 3571 14,
846 3498 863 3553 9
887 3511 930 3571 sq.

495 3618 574 3681 inter
593 3616 665 3698 fusa
686 3617 807 3679 nitentia

490 3725 562 3785 vites
585 3743 718 3808 aequora
742 3720 893 3805 Cycladas

287 3967 308 4031 ¹)
323 3952 426 4020 ‘Oblata
445 3971 583 4019 occasione
606 3970 794 4030 adnotaverim,
818 3970 950 4018 brevitatis
969 3983 1048 4018 causa
1067 3971 1094 4021 in
1112 3974 1163 4021 hac
1181 3975 1268 4036 dispu·
1341 3993 1345 3999 ·

199 4042 298 4107 tatione
316 4061 442 4109 utendum
457 4059 520 4107 mihi
535 4073 591 4107 esse
607 4073 764 4121 quamquam
781 4058 863 4107 invito
880 4060 955 4117 falsa,
971 4061 1017 4108 sed
1034 4060 1163 4111 tralaticia
1180 4064 1269 4126 appal-

198 4146 298 4195 iatione
316 4154 460 4210 poetarum,
479 4161 588 4211 quorrrm
607 4149 714 4196 nomine
731 4162 808 4196 nemo
829 4148 968 4197 memoriae
984 4143 1101 4198 tradidit.

251 4237 344 4283 Boldt.
358 4238 447 4282 Dissert.
1098 4235 1114 4283 4
