3034 4675
527 262 844 348 ,1-113-

194 442 244 496 eut
265 436 397 511 proxime
419 437 554 516 subsequi
577 436 718 509 debebat3
741 434 779 494 cf.
802 437 950 496 Demosth.
974 438 1009 495 de
1030 454 1137 497 corona
1162 435 1178 513 ᾗ
1201 439 1262 499 287

193 538 246 597 τὸν
261 534 445 619 ἐφεστηκότα
466 536 601 597 κίνδυνον
622 544 660 619 τῇ
682 535 775 599 πόλει.
809 549 840 604 et
856 543 981 615 aliquam
996 542 1087 601 multa
1101 543 1174 602 talia
1186 544 1277 624 apud-

193 648 403 722 Thucydidem.
440 663 457 705 e
485 647 670 708 multitudine
699 648 897 721 exemplorum
928 647 1098 707 exhibeov
1128 649 1188 709 112
1225 651 1264 727 τῇ

194 746 282 829 μέχρι
310 747 397 808 τοῦδε
426 745 561 830 σωζούσῃ
587 746 664 831 τύχῃ
692 746 725 807 ἐκ
751 756 806 807 τοῦ
826 746 913 808 θείου
935 747 1029 826 αὐτήν
1051 754 1116 812 etI
1140 755 1211 830 102,
1234 756 1263 816 4.

196 857 297 917 eodem
319 860 350 917 in
371 858 474 932 primis
496 855 608 917 faciunt
628 855 771 918 notabiles
793 859 838 916 illi
865 874 964 918 versus
986 859 1078 919 Arist.
1101 859 1177 919 Nub.
1203 860 1264 919 379

238 977 254 1038 ὁ
269 974 301 1038 δ’
314 976 488 1057 ἀναγκάζων
507 975 572 1038 ἔστί
584 978 629 1048 τίς
644 978 747 1054 αὐτὰς,
765 980 819 1056 οὐχ
832 978 848 1038 ὁ
862 980 949 1054 Ζεὺς,
965 976 1041 1039 ὥστε
1056 976 1224 1060 φέρεσθαι;

195 1107 245 1167 ubi
258 1106 494 1182 'coniungendum
515 1112 559 1166 est
587 1102 634 1174 τίς
655 1099 700 1179 δ’,
725 1104 779 1181 οὐχ
801 1103 817 1163 ὁ
836 1104 928 1181 Ζεύς,
951 1104 1014 1165 ἐστι
1036 1104 1052 1165 ὃ
1075 1104 1168 1181 αὐτὰς
1189 1102 1265 1165 ὥστε

196 1207 345 1291 φέρεσθαι
367 1201 548 1287 ἀναγκάζων,
573 1219 602 1272 et
625 1213 746 1271 Theocr.
768 1215 799 1272 II
823 1216 840 1273 8

250 1321 336 1418 ᾤχετ’
358 1329 471 1412 {Iguvi
493 1322 522 1392 τ’
538 1327 639 1415 Ἔρως
661 1333 785 1411 ταχινὰς
807 1332 917 1418 φρένας
943 1334 963 1393 ἅ
987 1328 1017 1394 τ’
1036 1326 1210 1419 Ἀφροδίτα.

197 1480 255 1522 non
285 1460 466 1524 infructuosa
495 1463 551 1522 erit
575 1463 753 1538 comparatio
777 1465 934 1525 consimilis
956 1466 1152 1541 traiectionis,
1181 1483 1266 1540 quarn

199 1570 355 1643 Sophocles
378 1569 408 1627 in
430 1566 568 1628 infinitivi
590 1570 806 1628 constructione
825 1570 949 1630 adscivit
971 1570 1002 1630 0.
1027 1572 1058 1632 C.
1084 1571 1165 1630 1228
1182 1589 1226 1643 sq.

693 1670 728 1729 τὸ
750 1667 789 1746 δ”,
812 1669 874 1730 ἐπεὶ
896 1677 977 1753 φανῇ

400 1849 402 1858 χ
490 1776 582 1852 βῆναι
604 1775 707 1836 κεῖθεν
729 1772 804 1834 ὅθεν
824 1796 880 1857 περ
902 1776 975 1854 ἥκει,

492 1880 569 1938 πολὺ
589 1879 736 1962 δεύτερον,
760 1880 801 1951 ὡς
822 1873 958 1959 τάχιστα.

198 2006 274 2068 illud
295 2007 371 2067 enim
391 2000 431 2071 ὡς
453 1994 580 2078 τάχιστα
602 2022 666 2065 cum
687 2006 779 2080 βῆναι
801 2008 1030 2086 coniungendum
1055 2014 1107 2067 est.
1145 2014 1231 2081 atque
1255 2023 1270 2066 e

199 2113 305 2171 litteris
327 2111 442 2170 Latinis
465 2107 659 2171 conferendae
687 2119 755 2171 sunt
780 2113 854 2171 tales
876 2112 1035 2186 positiones
1056 2114 1129 2171 Hor.
1152 2111 1272 2175 carm.I

203 2220 253 2294 17,
276 2218 314 2276 27
338 2212 510 2275 haerentem
529 2234 677 2278 ,coronam
699 2213 843 2289 cunum,
864 2217 917 2278 Ov.
939 2224 1007 2296 met.
1029 2217 1104 2276 XIII
1127 2218 1188 2275 922

372 2341 445 2381 uam
467 2318 558 2380 modo
579 2318 727 2382 ducebam
749 2319 890 2383 ducentia
912 2320 990 2382 vetio
1006 2320 1117 2403 pisces,

199 2435 267 2491 met.
282 2428 339 2489 VII
363 2427 422 2488 155

419 2549 542 2590 somnus
564 2528 594 2591 iu
617 2530 736 2611 iunctos
759 2529 862 2592 oculos
883 2529 943 2592 siti
962 2530 1049 2592 vanu.

201 2654 294 2714 neque
315 2637 455 2699 dissimile
477 2643 522 2696 est
542 2637 659 2696 Horatii
680 2638 754 2697 illud
780 2654 868 2697 carm.
891 2640 905 2697 I
930 2642 958 2714 5,
983 2640 1022 2698 15
1047 2657 1090 2712 sq.

533 2739 724 2821 suspendisse
740 2739 862 2822 potenti

534 2845 708 2906 vestimenta
729 2844 827 2905 mavis
850 2846 915 2924 deo,

201 2954 252 3014 ubi
274 2954 422 3028 genetivus
441 2951 548 3011 ‘maris’
571 2953 608 3011 ab
631 2951 776 3011 adiectivo
795 2953 926 3026 ‘potenti'
948 2953 1077 3026 pendens
1098 2952 1273 3026 interposito

201 3059 315 3119 obiecto
336 3065 503 3132 segregatur
512 3052 547 3135 1).
568 3087 570 3092 ·

206 3211 394 3218 —ffl———v-

289 3290 310 3357 ¹)
330 3294 448 3344 Eandem
467 3292 634 3342 artificiosam
651 3292 789 3341 verborum
814 3292 906 3340 seriem
924 3292 1056 3342 detexisse
1081 3292 1129 3341 sibi
1146 3293 1217 3342 visus
1235 3302 1275 3343 est

203 3382 335 3432 Nauckius
353 3385 418 3432 Hor.
436 3398 514 3435 curm.
533 3383 548 3432 I
566 3382 607 3443 37,
626 3384 641 3433 9
656 3396 695 3442 sq.

509 3490 670 3538 contaminato
687 3501 741 3535 eum
758 3501 828 3550 qreqc
847 3487 955 3546 turpium

510 3578 589 3625 morbo
606 3578 722 3625 uirorum.

204 3683 346 3733 ablativum
363 3684 432 3732 enim
451 3678 557 3731 ‘morbo'
577 3695 636 3730 enm
656 3680 793 3744 participio
812 3674 1022 3729 ‘contaminatus’
1039 3680 1164 3742 coniungi
1182 3681 1275 3731 voluit.

204 3774 250 3821 sed
269 3773 358 3821 abdita
377 3774 439 3820 dum
458 3770 586 3819 curiosius
601 3776 740 3831 scrutatur,
760 3770 794 3817 ad
816 3783 855 3832 ea,
873 3784 939 3830 quae
957 3770 1113 3830 antepedes
1134 3777 1202 3831 sunt,
1221 3785 1274 3818 non

205 3861 389 3910 animadvertit
401 3868 427 3909 et
438 3873 500 3907 usus
516 3866 555 3907 est
569 3858 666 3906 iudicio
681 3873 789 3920 prorsus
804 3858 928 3906 solitario.
947 3871 1007 3905 ncm
1020 3858 1176 3907 recentiores
1189 3859 1275 3921 quoad

205 3950 311 4012 quidem
334 3947 388 3998 vidi
411 3963 502 3996 omnes
524 3941 632 3995 ‘morbo’
654 3961 670 3995 c
696 3945 827 4010 ‘turpium'
851 3949 1012 4009 suspendunt
1037 3954 1063 3994 et
1083 3948 1180 3997 veteris
1198 3949 1274 3996 scho-

203 4039 296 4088 liastae
314 4041 392 4089 verba
414 4039 524 4087 eundem
549 4035 769 4084 constructionem
793 4044 881 4098 aperte
904 4038 1033 4101 produnt,
1056 4050 1122 4098 quae
1146 4036 1179 4084 ab
1203 4037 1274 4084 omni

204 4135 278 4189 parte
298 4135 354 4176 tuta
372 4136 398 4176 et
415 4125 555 4189 probabilis
575 4133 621 4172 est.

257 4217 349 4265 Boldt,
363 4216 454 4258 Dissert.
1105 4208 1121 4259 8
