<?xml version="1.0" encoding="UTF-8"?>
<!DOCTYPE html PUBLIC "-//W3C//DTD XHTML 1.0 Transitional//EN"
    "http://www.w3.org/TR/xhtml1/DTD/xhtml1-transitional.dtd">
<html xmlns="http://www.w3.org/1999/xhtml" xml:lang="en" lang="en">
 <head>
  <title>
</title>
<meta http-equiv="Content-Type" content="text/html;charset=utf-8" />
  <meta name='ocr-system' content='tesseract 3.04.00' />
  <meta name='ocr-capabilities' content='ocr_page ocr_carea ocr_par ocr_line ocrx_word'/>
</head>
<body>
  <div class='ocr_page' id='page_1' title='image "./deliberioreling00boldgoog_0025.png"; bbox 0 0 3034 4675; ppageno 0'>
   <div class='ocr_carea' id='block_1_1' title="bbox 638 263 851 328">
    <p class='ocr_par' dir='ltr' id='par_1_1' title="bbox 638 263 851 328">
     <span class='ocr_line' id='line_1_1' title="bbox 638 263 851 328; baseline -0.009 -21"><span class='ocrx_word' id='word_1_1' title='bbox 638 263 851 328; x_wconf 76' lang='lat'>..21-</span> 
     </span>
    </p>
   </div>
   <div class='ocr_carea' id='block_1_2' title="bbox 69 369 1279 3984">
    <p class='ocr_par' dir='ltr' id='par_1_2' title="bbox 69 369 1276 616">
     <span class='ocr_line' id='line_1_2' title="bbox 121 369 128 394; baseline 0 0"><span class='ocrx_word' id='word_1_2' title='bbox 121 369 128 394; x_wconf 67' lang='lat' dir='ltr'>r</span> 
     </span>
     <span class='ocr_line' id='line_1_3' title="bbox 69 427 1276 506; baseline -0.004 -14"><span class='ocrx_word' id='word_1_3' title='bbox 69 477 102 506; x_wconf 61' lang='grc'>.,</span> <span class='ocrx_word' id='word_1_4' title='bbox 205 434 312 494; x_wconf 86' lang='lat' dir='ltr'>tollere</span> <span class='ocrx_word' id='word_1_5' title='bbox 343 437 417 493; x_wconf 89' lang='lat' dir='ltr'>iusto</span> <span class='ocrx_word' id='word_1_6' title='bbox 446 433 581 492; x_wconf 85' lang='lat' dir='ltr'>audacius</span> <span class='ocrx_word' id='word_1_7' title='bbox 610 436 655 492; x_wconf 83' lang='lat' dir='ltr'>sit.</span> <span class='ocrx_word' id='word_1_8' title='bbox 696 434 725 490; x_wconf 90' lang='lat' dir='ltr'>in</span> <span class='ocrx_word' id='word_1_9' title='bbox 759 430 871 490; x_wconf 72' lang='lat' dir='ltr'>(lallim.</span> <span class='ocrx_word' id='word_1_10' title='bbox 902 431 931 489; x_wconf 91' lang='lat' dir='ltr'>h.</span> <span class='ocrx_word' id='word_1_11' title='bbox 955 432 995 490; x_wconf 93' lang='lat' dir='ltr'>VI</span> <span class='ocrx_word' id='word_1_12' title='bbox 1024 427 1091 486; x_wconf 89' lang='lat' dir='ltr'>inde</span> <span class='ocrx_word' id='word_1_13' title='bbox 1119 448 1137 485; x_wconf 86' lang='lat' dir='ltr'>a</span> <span class='ocrx_word' id='word_1_14' title='bbox 1165 448 1191 485; x_wconf 89' lang='lat' dir='ltr'>v.</span> <span class='ocrx_word' id='word_1_15' title='bbox 1220 431 1276 488; x_wconf 83' lang='lat'>120</span> 
     </span>
     <span class='ocr_line' id='line_1_4' title="bbox 211 538 563 616; baseline -0.006 -18"><span class='ocrx_word' id='word_1_16' title='bbox 211 539 285 598; x_wconf 87' lang='lat' dir='ltr'>haec</span> <span class='ocrx_word' id='word_1_17' title='bbox 306 539 443 616; x_wconf 85' lang='lat' dir='ltr'>leguntur</span> <span class='ocrx_word' id='word_1_18' title='bbox 460 538 563 598; x_wconf 84' lang='lat' dir='ltr'>verba:</span> 
     </span>
    </p>

    <p class='ocr_par' dir='ltr' id='par_1_3' title="bbox 310 639 1095 724">
     <span class='ocr_line' id='line_1_5' title="bbox 310 639 1095 724; baseline -0.009 -20"><span class='ocrx_word' id='word_1_19' title='bbox 310 643 374 724; x_wconf 81' lang='grc' dir='ltr'>χώς</span> <span class='ocrx_word' id='word_1_20' title='bbox 396 641 427 704; x_wconf 74' lang='grc' dir='ltr'>αἱ</span> <span class='ocrx_word' id='word_1_21' title='bbox 449 643 502 703; x_wconf 80' lang='grc' dir='ltr'>τὸν</span> <span class='ocrx_word' id='word_1_22' title='bbox 524 642 663 703; x_wconf 73' lang='grc' dir='ltr'><em>κάλαθον</em></span> <span class='ocrx_word' id='word_1_23' title='bbox 684 640 870 722; x_wconf 77' lang='grc' dir='ltr'><strong><em>λευκότριχες</em></strong></span> <span class='ocrx_word' id='word_1_24' title='bbox 888 639 975 699; x_wconf 70' lang='grc' dir='ltr'>ἵπποι</span> <span class='ocrx_word' id='word_1_25' title='bbox 995 639 1095 720; x_wconf 78' lang='grc' dir='ltr'><em>ἄγοντι</em></span> 
     </span>
    </p>

    <p class='ocr_par' dir='ltr' id='par_1_4' title="bbox 204 731 1279 1884">
     <span class='ocr_line' id='line_1_6' title="bbox 282 731 1061 831; baseline -0.008 -22"><span class='ocrx_word' id='word_1_26' title='bbox 282 798 284 804; x_wconf 95' lang='grc'><em>.</em></span> <span class='ocrx_word' id='word_1_27' title='bbox 314 748 463 831; x_wconf 76' lang='grc' dir='ltr'><em>τέσσαρες,</em></span> <span class='ocrx_word' id='word_1_28' title='bbox 487 746 527 820; x_wconf 82' lang='grc' dir='ltr'>ὣς</span> <span class='ocrx_word' id='word_1_29' title='bbox 549 748 622 827; x_wconf 80' lang='grc' dir='ltr'>ἄμῖν</span> <span class='ocrx_word' id='word_1_30' title='bbox 642 744 757 829; x_wconf 74' lang='grc' dir='ltr'><em>μεγάλα</em></span> <span class='ocrx_word' id='word_1_31' title='bbox 780 731 853 817; x_wconf 63' lang='lat' dir='ltr'>debr</span> <span class='ocrx_word' id='word_1_32' title='bbox 875 734 1061 826; x_wconf 63' lang='lat' dir='ltr'>sdpvdnaooa</span> 
     </span>
     <span class='ocr_line' id='line_1_7' title="bbox 206 849 1279 932; baseline -0.008 -17"><span class='ocrx_word' id='word_1_33' title='bbox 206 865 265 915; x_wconf 81' lang='lat' dir='ltr'>etc.</span> <span class='ocrx_word' id='word_1_34' title='bbox 300 855 450 915; x_wconf 85' lang='lat' dir='ltr'>articulum</span> <span class='ocrx_word' id='word_1_35' title='bbox 472 854 526 914; x_wconf 88' lang='lat' dir='ltr'>hoc</span> <span class='ocrx_word' id='word_1_36' title='bbox 551 854 614 913; x_wconf 91' lang='lat' dir='ltr'>loco</span> <span class='ocrx_word' id='word_1_37' title='bbox 636 855 804 932; x_wconf 88' lang='lat' dir='ltr'>interposito</span> <span class='ocrx_word' id='word_1_38' title='bbox 830 854 991 911; x_wconf 83' lang='lat' dir='ltr'>accusativo</span> <span class='ocrx_word' id='word_1_39' title='bbox 1013 849 1098 928; x_wconf 85' lang='lat' dir='ltr'>valde</span> <span class='ocrx_word' id='word_1_40' title='bbox 1123 849 1279 908; x_wconf 79' lang='lat' dir='ltr'>insolenter</span> 
     </span>
     <span class='ocr_line' id='line_1_8' title="bbox 204 957 1277 1021; baseline -0.009 1"><span class='ocrx_word' id='word_1_41' title='bbox 204 983 228 1021; x_wconf 86' lang='lat' dir='ltr'>a</span> <span class='ocrx_word' id='word_1_42' title='bbox 249 960 427 1021; x_wconf 86' lang='lat' dir='ltr'>substantivo</span> <span class='ocrx_word' id='word_1_43' title='bbox 447 957 534 1018; x_wconf 73' lang='lat' dir='ltr'>‘innoc</span> <span class='ocrx_word' id='word_1_44' title='bbox 557 957 687 1018; x_wconf 88' lang='lat' dir='ltr'>distineri</span> <span class='ocrx_word' id='word_1_45' title='bbox 708 960 739 1015; x_wconf 92' lang='lat' dir='ltr'>in</span> <span class='ocrx_word' id='word_1_46' title='bbox 760 958 857 1016; x_wconf 88' lang='lat' dir='ltr'>oculos</span> <span class='ocrx_word' id='word_1_47' title='bbox 878 959 1007 1017; x_wconf 82' lang='lat' dir='ltr'>incurrit.</span> <span class='ocrx_word' id='word_1_48' title='bbox 1044 958 1162 1016; x_wconf 82' lang='lat' dir='ltr'>inservit</span> <span class='ocrx_word' id='word_1_49' title='bbox 1182 964 1277 1013; x_wconf 88' lang='lat' dir='ltr'>autem</span> 
     </span>
     <span class='ocr_line' id='line_1_9' title="bbox 207 1059 1278 1126; baseline -0.007 0"><span class='ocrx_word' id='word_1_50' title='bbox 207 1068 261 1126; x_wconf 90' lang='lat' dir='ltr'>illa</span> <span class='ocrx_word' id='word_1_51' title='bbox 293 1069 421 1126; x_wconf 86' lang='lat' dir='ltr'>traiectio</span> <span class='ocrx_word' id='word_1_52' title='bbox 454 1064 491 1123; x_wconf 87' lang='lat' dir='ltr'>ad</span> <span class='ocrx_word' id='word_1_53' title='bbox 524 1063 695 1124; x_wconf 85' lang='lat' dir='ltr'>efferendam</span> <span class='ocrx_word' id='word_1_54' title='bbox 727 1082 827 1122; x_wconf 85' lang='lat' dir='ltr'>vocem</span> <span class='ocrx_word' id='word_1_55' title='bbox 856 1065 1001 1121; x_wconf 89' lang='lat' dir='ltr'>insertam.</span> <span class='ocrx_word' id='word_1_56' title='bbox 1045 1062 1208 1121; x_wconf 84' lang='lat' dir='ltr'>Meinelrius</span> <span class='ocrx_word' id='word_1_57' title='bbox 1240 1059 1278 1117; x_wconf 86' lang='lat' dir='ltr'>ad</span> 
     </span>
     <span class='ocr_line' id='line_1_10' title="bbox 207 1163 1279 1251; baseline -0.007 -20"><span class='ocrx_word' id='word_1_58' title='bbox 207 1171 325 1236; x_wconf 78' lang='lat' dir='ltr'>Gallim.</span> <span class='ocrx_word' id='word_1_59' title='bbox 348 1193 378 1251; x_wconf 92' lang='lat' dir='ltr'>p.</span> <span class='ocrx_word' id='word_1_60' title='bbox 403 1176 463 1232; x_wconf 74' lang='lat'>235</span> <span class='ocrx_word' id='word_1_61' title='bbox 487 1170 562 1228; x_wconf 90' lang='lat' dir='ltr'>hanc</span> <span class='ocrx_word' id='word_1_62' title='bbox 587 1170 801 1229; x_wconf 77' lang='lat' dir='ltr'>collocationem</span> <span class='ocrx_word' id='word_1_63' title='bbox 828 1166 994 1246; x_wconf 81' lang='lat' dir='ltr'>improbans</span> <span class='ocrx_word' id='word_1_64' title='bbox 1022 1167 1173 1225; x_wconf 85' lang='lat' dir='ltr'>articulum</span> <span class='ocrx_word' id='word_1_65' title='bbox 1195 1163 1226 1225; x_wconf 80' lang='lat' dir='ltr'>ai</span> <span class='ocrx_word' id='word_1_66' title='bbox 1248 1168 1279 1224; x_wconf 92' lang='lat' dir='ltr'>in</span> 
     </span>
     <span class='ocr_line' id='line_1_11' title="bbox 209 1271 1279 1356; baseline -0.005 -21"><span class='ocrx_word' id='word_1_67' title='bbox 209 1296 369 1356; x_wconf 90' lang='lat' dir='ltr'>pronomen</span> <span class='ocrx_word' id='word_1_68' title='bbox 398 1275 549 1335; x_wconf 82' lang='lat' dir='ltr'>relativum</span> <span class='ocrx_word' id='word_1_69' title='bbox 579 1274 612 1335; x_wconf 70' lang='grc' dir='ltr'>αἵ</span> <span class='ocrx_word' id='word_1_70' title='bbox 643 1275 778 1347; x_wconf 77' lang='lat' dir='ltr'>mutavit3</span> <span class='ocrx_word' id='word_1_71' title='bbox 814 1292 900 1351; x_wconf 89' lang='lat' dir='ltr'>quam</span> <span class='ocrx_word' id='word_1_72' title='bbox 926 1274 1111 1332; x_wconf 85' lang='lat' dir='ltr'>mutationem</span> <span class='ocrx_word' id='word_1_73' title='bbox 1139 1292 1198 1331; x_wconf 91' lang='lat' dir='ltr'>non</span> <span class='ocrx_word' id='word_1_74' title='bbox 1218 1271 1279 1331; x_wconf 90' lang='lat' dir='ltr'>fieri</span> 
     </span>
     <span class='ocr_line' id='line_1_12' title="bbox 205 1377 1277 1458; baseline -0.005 -17"><span class='ocrx_word' id='word_1_75' title='bbox 205 1383 274 1441; x_wconf 90' lang='lat' dir='ltr'>sine</span> <span class='ocrx_word' id='word_1_76' title='bbox 303 1383 462 1440; x_wconf 87' lang='lat' dir='ltr'>sententiae</span> <span class='ocrx_word' id='word_1_77' title='bbox 491 1378 677 1453; x_wconf 86' lang='lat' dir='ltr'>detrimento,</span> <span class='ocrx_word' id='word_1_78' title='bbox 707 1377 787 1458; x_wconf 89' lang='lat' dir='ltr'>quod</span> <span class='ocrx_word' id='word_1_79' title='bbox 814 1380 907 1437; x_wconf 90' lang='lat' dir='ltr'>omnis</span> <span class='ocrx_word' id='word_1_80' title='bbox 934 1380 977 1437; x_wconf 89' lang='lat' dir='ltr'>vis</span> <span class='ocrx_word' id='word_1_81' title='bbox 1006 1380 1047 1438; x_wconf 91' lang='lat' dir='ltr'>sic</span> <span class='ocrx_word' id='word_1_82' title='bbox 1075 1380 1106 1436; x_wconf 91' lang='lat' dir='ltr'>in</span> <span class='ocrx_word' id='word_1_83' title='bbox 1127 1396 1277 1436; x_wconf 87' lang='lat' dir='ltr'>numerum</span> 
     </span>
     <span class='ocr_line' id='line_1_13' title="bbox 211 1481 1277 1566; baseline -0.006 -20"><span class='ocrx_word' id='word_1_84' title='bbox 211 1482 356 1566; x_wconf 76' lang='grc' dir='ltr'><strong><em>τέσσαρες</em></strong></span> <span class='ocrx_word' id='word_1_85' title='bbox 382 1483 527 1559; x_wconf 74' lang='lat' dir='ltr'>evaderet,</span> <span class='ocrx_word' id='word_1_86' title='bbox 563 1494 640 1544; x_wconf 87' lang='lat' dir='ltr'>recte</span> <span class='ocrx_word' id='word_1_87' title='bbox 668 1485 738 1543; x_wconf 87' lang='lat' dir='ltr'>mihi</span> <span class='ocrx_word' id='word_1_88' title='bbox 768 1485 913 1543; x_wconf 86' lang='lat' dir='ltr'>monuisse</span> <span class='ocrx_word' id='word_1_89' title='bbox 941 1481 1055 1541; x_wconf 89' lang='lat' dir='ltr'>videtur</span> <span class='ocrx_word' id='word_1_90' title='bbox 1077 1481 1277 1542; x_wconf 85' lang='lat' dir='ltr'>Schneiderus.</span> 
     </span>
     <span class='ocr_line' id='line_1_14' title="bbox 210 1586 1278 1667; baseline -0.003 -18"><span class='ocrx_word' id='word_1_91' title='bbox 210 1611 271 1649; x_wconf 90' lang='lat' dir='ltr'>non</span> <span class='ocrx_word' id='word_1_92' title='bbox 298 1594 367 1650; x_wconf 87' lang='lat' dir='ltr'>satis</span> <span class='ocrx_word' id='word_1_93' title='bbox 388 1600 500 1650; x_wconf 88' lang='lat' dir='ltr'>constat</span> <span class='ocrx_word' id='word_1_94' title='bbox 523 1590 562 1650; x_wconf 89' lang='lat' dir='ltr'>de</span> <span class='ocrx_word' id='word_1_95' title='bbox 583 1592 732 1650; x_wconf 83' lang='lat' dir='ltr'>Theocriti</span> <span class='ocrx_word' id='word_1_96' title='bbox 752 1609 839 1649; x_wconf 87' lang='lat' dir='ltr'>versu</span> <span class='ocrx_word' id='word_1_97' title='bbox 860 1586 898 1645; x_wconf 88' lang='lat' dir='ltr'>id.</span> <span class='ocrx_word' id='word_1_98' title='bbox 922 1590 1008 1660; x_wconf 83' lang='lat' dir='ltr'>XVI,</span> <span class='ocrx_word' id='word_1_99' title='bbox 1024 1595 1067 1661; x_wconf 71' lang='grc'>,4,</span> <span class='ocrx_word' id='word_1_100' title='bbox 1097 1607 1184 1667; x_wconf 89' lang='lat' dir='ltr'>quem</span> <span class='ocrx_word' id='word_1_101' title='bbox 1205 1589 1278 1648; x_wconf 89' lang='lat' dir='ltr'>Mei-</span> 
     </span>
     <span class='ocr_line' id='line_1_15' title="bbox 209 1693 1277 1775; baseline 0 -20"><span class='ocrx_word' id='word_1_102' title='bbox 209 1695 315 1755; x_wconf 86' lang='lat' dir='ltr'>nekius</span> <span class='ocrx_word' id='word_1_103' title='bbox 336 1698 366 1754; x_wconf 92' lang='lat' dir='ltr'>in</span> <span class='ocrx_word' id='word_1_104' title='bbox 387 1698 471 1755; x_wconf 87' lang='lat' dir='ltr'>tertia</span> <span class='ocrx_word' id='word_1_105' title='bbox 492 1696 686 1757; x_wconf 71' lang='lat' dir='ltr'>bucolicorum</span> <span class='ocrx_word' id='word_1_106' title='bbox 708 1696 841 1765; x_wconf 82' lang='lat' dir='ltr'>editione,</span> <span class='ocrx_word' id='word_1_107' title='bbox 865 1693 1064 1752; x_wconf 87' lang='lat' dir='ltr'>Hermannum</span> <span class='ocrx_word' id='word_1_108' title='bbox 1081 1693 1140 1775; x_wconf 84' lang='lat' dir='ltr'>(op.</span> <span class='ocrx_word' id='word_1_109' title='bbox 1153 1697 1188 1766; x_wconf 90' lang='lat' dir='ltr'>V,</span> <span class='ocrx_word' id='word_1_110' title='bbox 1207 1695 1277 1775; x_wconf 79' lang='lat'>109)</span> 
     </span>
     <span class='ocr_line' id='line_1_16' title="bbox 208 1797 1028 1884; baseline -0.005 -25"><span class='ocrx_word' id='word_1_111' title='bbox 208 1800 289 1860; x_wconf 88' lang='lat' dir='ltr'>haud</span> <span class='ocrx_word' id='word_1_112' title='bbox 311 1801 399 1861; x_wconf 87' lang='lat' dir='ltr'>dubie</span> <span class='ocrx_word' id='word_1_113' title='bbox 419 1804 522 1882; x_wconf 90' lang='lat' dir='ltr'>partim</span> <span class='ocrx_word' id='word_1_114' title='bbox 542 1810 665 1874; x_wconf 87' lang='lat' dir='ltr'>secutus,</span> <span class='ocrx_word' id='word_1_115' title='bbox 689 1802 729 1858; x_wconf 87' lang='lat' dir='ltr'>ita</span> <span class='ocrx_word' id='word_1_116' title='bbox 750 1800 888 1884; x_wconf 87' lang='lat' dir='ltr'>scriptum</span> <span class='ocrx_word' id='word_1_117' title='bbox 910 1797 1028 1857; x_wconf 87' lang='lat' dir='ltr'>exhibet</span> 
     </span>
    </p>

    <p class='ocr_par' dir='ltr' id='par_1_5' title="bbox 205 1902 1125 2091">
     <span class='ocr_line' id='line_1_17' title="bbox 297 1902 1125 1988; baseline -0.002 -24"><span class='ocrx_word' id='word_1_118' title='bbox 297 1906 394 1984; x_wconf 78' lang='grc' dir='ltr'><em>ἄμμες</em></span> <span class='ocrx_word' id='word_1_119' title='bbox 416 1904 449 1966; x_wconf 72' lang='grc' dir='ltr'>δὲ</span> <span class='ocrx_word' id='word_1_120' title='bbox 469 1906 583 1988; x_wconf 77' lang='grc' dir='ltr'><em>βροτοὶ,</em></span> <span class='ocrx_word' id='word_1_121' title='bbox 611 1903 638 1967; x_wconf 76' lang='lat' dir='ltr'>oi</span> <span class='ocrx_word' id='word_1_122' title='bbox 660 1903 693 1965; x_wconf 63' lang='lat' dir='ltr'>ds*</span> <span class='ocrx_word' id='word_1_123' title='bbox 713 1905 842 1987; x_wconf 78' lang='grc' dir='ltr'><strong><em>βροτοὺς</em></strong></span> <span class='ocrx_word' id='word_1_124' title='bbox 861 1903 965 1983; x_wconf 75' lang='grc' dir='ltr'><strong><em>βροτοὶ</em></strong></span> <span class='ocrx_word' id='word_1_125' title='bbox 987 1902 1125 1979; x_wconf 72' lang='grc' dir='ltr'><strong><em>ἀείδοντι,</em></strong></span> 
     </span>
     <span class='ocr_line' id='line_1_18' title="bbox 205 2011 910 2091; baseline -0.003 -22"><span class='ocrx_word' id='word_1_126' title='bbox 205 2029 277 2070; x_wconf 85' lang='lat' dir='ltr'>eum</span> <span class='ocrx_word' id='word_1_127' title='bbox 296 2011 401 2091; x_wconf 89' lang='lat' dir='ltr'>reliqui</span> <span class='ocrx_word' id='word_1_128' title='bbox 423 2012 547 2072; x_wconf 86' lang='lat' dir='ltr'>editores</span> <span class='ocrx_word' id='word_1_129' title='bbox 566 2012 654 2072; x_wconf 85' lang='lat' dir='ltr'>verba</span> <span class='ocrx_word' id='word_1_130' title='bbox 673 2012 714 2070; x_wconf 88' lang='lat' dir='ltr'>sic</span> <span class='ocrx_word' id='word_1_131' title='bbox 735 2011 910 2068; x_wconf 90' lang='lat' dir='ltr'>constituant</span> 
     </span>
    </p>

    <p class='ocr_par' dir='ltr' id='par_1_6' title="bbox 135 2114 1279 3984">
     <span class='ocr_line' id='line_1_19' title="bbox 296 2114 1116 2198; baseline 0.001 -24"><span class='ocrx_word' id='word_1_132' title='bbox 296 2116 394 2195; x_wconf 77' lang='grc' dir='ltr'><em>ἄμμες</em></span> <span class='ocrx_word' id='word_1_133' title='bbox 416 2114 449 2177; x_wconf 71' lang='grc' dir='ltr'>δὲ</span> <span class='ocrx_word' id='word_1_134' title='bbox 469 2117 573 2198; x_wconf 70' lang='grc' dir='ltr'><em>βροτοὶ</em></span> <span class='ocrx_word' id='word_1_135' title='bbox 596 2116 665 2191; x_wconf 74' lang='lat' dir='ltr'>o‘i&#39;ds,</span> <span class='ocrx_word' id='word_1_136' title='bbox 687 2115 816 2194; x_wconf 77' lang='grc' dir='ltr'><em>βροτοὺς</em></span> <span class='ocrx_word' id='word_1_137' title='bbox 836 2114 939 2194; x_wconf 76' lang='grc' dir='ltr'><em>βροτοὶ</em></span> <span class='ocrx_word' id='word_1_138' title='bbox 962 2114 1116 2193; x_wconf 56' lang='lat' dir='ltr'>deidonus</span> 
     </span>
     <span class='ocr_line' id='line_1_20' title="bbox 209 2220 1278 2302; baseline 0.002 -24"><span class='ocrx_word' id='word_1_139' title='bbox 209 2220 380 2297; x_wconf 84' lang='lat' dir='ltr'>languidum</span> <span class='ocrx_word' id='word_1_140' title='bbox 408 2222 523 2302; x_wconf 89' lang='lat' dir='ltr'>quidem</span> <span class='ocrx_word' id='word_1_141' title='bbox 557 2231 615 2295; x_wconf 85' lang='lat' dir='ltr'>est,</span> <span class='ocrx_word' id='word_1_142' title='bbox 657 2229 690 2280; x_wconf 90' lang='lat' dir='ltr'>ut</span> <span class='ocrx_word' id='word_1_143' title='bbox 717 2222 759 2278; x_wconf 87' lang='lat' dir='ltr'>ait</span> <span class='ocrx_word' id='word_1_144' title='bbox 786 2220 985 2293; x_wconf 84' lang='lat' dir='ltr'>Hermannns,</span> <span class='ocrx_word' id='word_1_145' title='bbox 1021 2230 1050 2279; x_wconf 88' lang='lat' dir='ltr'>et</span> <span class='ocrx_word' id='word_1_146' title='bbox 1068 2221 1178 2281; x_wconf 68' lang='lat' dir='ltr'>&#39;inutile</span> <span class='ocrx_word' id='word_1_147' title='bbox 1206 2221 1278 2282; x_wconf 92' lang='lat' dir='ltr'>illud</span> 
     </span>
     <span class='ocr_line' id='line_1_21' title="bbox 207 2324 1277 2412; baseline 0.003 -27"><span class='ocrx_word' id='word_1_148' title='bbox 207 2325 310 2403; x_wconf 76' lang='grc' dir='ltr'><em>ἄμμες</em></span> <span class='ocrx_word' id='word_1_149' title='bbox 340 2324 373 2387; x_wconf 70' lang='lat' dir='ltr'>ds*</span> <span class='ocrx_word' id='word_1_150' title='bbox 402 2328 506 2412; x_wconf 76' lang='grc' dir='ltr'><strong><em>βροτοὶ</em></strong></span> <span class='ocrx_word' id='word_1_151' title='bbox 534 2327 610 2402; x_wconf 76' lang='lat' dir='ltr'>o‘e&#39;d&#39;s,</span> <span class='ocrx_word' id='word_1_152' title='bbox 647 2331 688 2387; x_wconf 89' lang='lat' dir='ltr'>ita</span> <span class='ocrx_word' id='word_1_153' title='bbox 715 2335 747 2385; x_wconf 90' lang='lat' dir='ltr'>nt</span> <span class='ocrx_word' id='word_1_154' title='bbox 768 2325 895 2405; x_wconf 82' lang='lat' dir='ltr'>aliquam</span> <span class='ocrx_word' id='word_1_155' title='bbox 916 2325 1126 2406; x_wconf 77' lang='lat' dir='ltr'>probabilitatis</span> <span class='ocrx_word' id='word_1_156' title='bbox 1153 2331 1277 2408; x_wconf 88' lang='lat' dir='ltr'>speciem</span> 
     </span>
     <span class='ocr_line' id='line_1_22' title="bbox 212 2431 1276 2515; baseline 0.004 -26"><span class='ocrx_word' id='word_1_157' title='bbox 212 2431 318 2492; x_wconf 87' lang='lat' dir='ltr'>habeat</span> <span class='ocrx_word' id='word_1_158' title='bbox 338 2435 418 2513; x_wconf 90' lang='lat' dir='ltr'>prior</span> <span class='ocrx_word' id='word_1_159' title='bbox 438 2437 587 2513; x_wconf 87' lang='lat' dir='ltr'>scriptura.</span> <span class='ocrx_word' id='word_1_160' title='bbox 617 2442 648 2492; x_wconf 87' lang='lat' dir='ltr'>at</span> <span class='ocrx_word' id='word_1_161' title='bbox 668 2454 721 2512; x_wconf 84' lang='lat' dir='ltr'>pro</span> <span class='ocrx_word' id='word_1_162' title='bbox 743 2441 821 2491; x_wconf 81' lang='lat' dir='ltr'>certo</span> <span class='ocrx_word' id='word_1_163' title='bbox 846 2452 905 2492; x_wconf 90' lang='lat' dir='ltr'>non</span> <span class='ocrx_word' id='word_1_164' title='bbox 926 2442 1040 2492; x_wconf 88' lang='lat' dir='ltr'>utemur</span> <span class='ocrx_word' id='word_1_165' title='bbox 1061 2434 1115 2492; x_wconf 90' lang='lat' dir='ltr'>hoe</span> <span class='ocrx_word' id='word_1_166' title='bbox 1136 2435 1276 2515; x_wconf 83' lang='lat' dir='ltr'>exemplo,</span> 
     </span>
     <span class='ocr_line' id='line_1_23' title="bbox 208 2537 1279 2620; baseline 0.006 -26"><span class='ocrx_word' id='word_1_167' title='bbox 208 2537 269 2595; x_wconf 81' lang='lat' dir='ltr'>alia</span> <span class='ocrx_word' id='word_1_168' title='bbox 291 2548 358 2598; x_wconf 87' lang='lat' dir='ltr'>sunt</span> <span class='ocrx_word' id='word_1_169' title='bbox 386 2543 415 2598; x_wconf 90' lang='lat' dir='ltr'>in</span> <span class='ocrx_word' id='word_1_170' title='bbox 437 2549 587 2620; x_wconf 89' lang='lat' dir='ltr'>promptu,</span> <span class='ocrx_word' id='word_1_171' title='bbox 615 2559 691 2618; x_wconf 87' lang='lat' dir='ltr'>quac</span> <span class='ocrx_word' id='word_1_172' title='bbox 717 2541 833 2618; x_wconf 89' lang='lat' dir='ltr'>penitus</span> <span class='ocrx_word' id='word_1_173' title='bbox 854 2538 1045 2618; x_wconf 84' lang='lat' dir='ltr'>persuadeant</span> <span class='ocrx_word' id='word_1_174' title='bbox 1066 2538 1279 2601; x_wconf 83' lang='lat' dir='ltr'>Alexandrinos</span> 
     </span>
     <span class='ocr_line' id='line_1_24' title="bbox 212 2643 1277 2725; baseline 0.003 -24"><span class='ocrx_word' id='word_1_175' title='bbox 212 2653 313 2721; x_wconf 88' lang='lat' dir='ltr'>poetas</span> <span class='ocrx_word' id='word_1_176' title='bbox 334 2643 453 2705; x_wconf 77' lang='lat' dir='ltr'>licenter</span> <span class='ocrx_word' id='word_1_177' title='bbox 474 2644 628 2704; x_wconf 87' lang='lat' dir='ltr'>admodum</span> <span class='ocrx_word' id='word_1_178' title='bbox 651 2644 803 2703; x_wconf 83' lang='lat' dir='ltr'>articulum</span> <span class='ocrx_word' id='word_1_179' title='bbox 824 2664 842 2703; x_wconf 93' lang='lat' dir='ltr'>a</span> <span class='ocrx_word' id='word_1_180' title='bbox 863 2646 979 2703; x_wconf 88' lang='lat' dir='ltr'>nomine</span> <span class='ocrx_word' id='word_1_181' title='bbox 999 2664 1156 2725; x_wconf 83' lang='lat' dir='ltr'>separasse,</span> <span class='ocrx_word' id='word_1_182' title='bbox 1180 2648 1277 2705; x_wconf 88' lang='lat' dir='ltr'>rectis·</span> 
     </span>
     <span class='ocr_line' id='line_1_25' title="bbox 210 2738 1276 2830; baseline 0.002 -23"><span class='ocrx_word' id='word_1_183' title='bbox 210 2749 285 2807; x_wconf 87' lang='lat' dir='ltr'>sime</span> <span class='ocrx_word' id='word_1_184' title='bbox 306 2768 376 2808; x_wconf 87' lang='lat' dir='ltr'>sane</span> <span class='ocrx_word' id='word_1_185' title='bbox 387 2738 553 2830; x_wconf 75' lang='lat' dir='ltr'>magnaque</span> <span class='ocrx_word' id='word_1_186' title='bbox 569 2771 632 2810; x_wconf 91' lang='lat' dir='ltr'>eum</span> <span class='ocrx_word' id='word_1_187' title='bbox 648 2758 806 2822; x_wconf 80' lang='lat' dir='ltr'>venustate,</span> <span class='ocrx_word' id='word_1_188' title='bbox 830 2751 914 2808; x_wconf 87' lang='lat' dir='ltr'>etiam</span> <span class='ocrx_word' id='word_1_189' title='bbox 928 2750 1107 2829; x_wconf 86' lang='lat' dir='ltr'>approbante</span> <span class='ocrx_word' id='word_1_190' title='bbox 1120 2751 1276 2823; x_wconf 78' lang='lat' dir='ltr'>Meinelrm,</span> 
     </span>
     <span class='ocr_line' id='line_1_26' title="bbox 213 2853 1276 2935; baseline 0 -21"><span class='ocrx_word' id='word_1_191' title='bbox 213 2853 250 2914; x_wconf 79' lang='lat' dir='ltr'>G.</span> <span class='ocrx_word' id='word_1_192' title='bbox 282 2855 467 2915; x_wconf 89' lang='lat' dir='ltr'>Hermannus</span> <span class='ocrx_word' id='word_1_193' title='bbox 497 2857 551 2914; x_wconf 91' lang='lat' dir='ltr'>hoc</span> <span class='ocrx_word' id='word_1_194' title='bbox 577 2855 732 2935; x_wconf 88' lang='lat' dir='ltr'>hyperbati</span> <span class='ocrx_word' id='word_1_195' title='bbox 759 2875 851 2932; x_wconf 86' lang='lat' dir='ltr'>genus</span> <span class='ocrx_word' id='word_1_196' title='bbox 879 2858 1028 2915; x_wconf 90' lang='lat' dir='ltr'>constituit</span> <span class='ocrx_word' id='word_1_197' title='bbox 1055 2855 1276 2914; x_wconf 84' lang='lat' dir='ltr'>Pseudotheocr.</span> 
     </span>
     <span class='ocr_line' id='line_1_27' title="bbox 211 2929 1277 3042; baseline 0.001 -22"><span class='ocrx_word' id='word_1_198' title='bbox 211 2962 336 3034; x_wconf 87' lang='lat' dir='ltr'>XXVII,</span> <span class='ocrx_word' id='word_1_199' title='bbox 365 2970 404 3022; x_wconf 83' lang='lat'>50</span> <span class='ocrx_word' id='word_1_200' title='bbox 434 2959 472 3021; x_wconf 83' lang='grc' dir='ltr'>τὰ</span> <span class='ocrx_word' id='word_1_201' title='bbox 500 2957 645 3042; x_wconf 71' lang='grc' dir='ltr'><strong><em>παρθένῳ</em></strong></span> <span class='ocrx_word' id='word_1_202' title='bbox 673 2960 766 3020; x_wconf 78' lang='grc' dir='ltr'><em>ἄλσεα</em></span> <span class='ocrx_word' id='word_1_203' title='bbox 791 2957 887 3031; x_wconf 72' lang='grc' dir='ltr'><em>δείξω.</em></span> <span class='ocrx_word' id='word_1_204' title='bbox 926 2981 993 3019; x_wconf 89' lang='lat' dir='ltr'>nam</span> <span class='ocrx_word' id='word_1_205' title='bbox 1022 2981 1086 3019; x_wconf 93' lang='lat' dir='ltr'>cum</span> <span class='ocrx_word' id='word_1_206' title='bbox 1114 2963 1145 3019; x_wconf 89' lang='lat' dir='ltr'>in</span> <span class='ocrx_word' id='word_1_207' title='bbox 1172 2929 1277 3041; x_wconf 66' lang='lat' dir='ltr'>dequa-</span> 
     </span>
     <span class='ocr_line' id='line_1_28' title="bbox 213 3057 1277 3128; baseline 0.005 -5"><span class='ocrx_word' id='word_1_208' title='bbox 213 3065 283 3124; x_wconf 89' lang='lat' dir='ltr'>lium</span> <span class='ocrx_word' id='word_1_209' title='bbox 305 3069 511 3126; x_wconf 86' lang='lat' dir='ltr'>sententiarum</span> <span class='ocrx_word' id='word_1_210' title='bbox 534 3068 748 3125; x_wconf 88' lang='lat' dir='ltr'>continuatione</span> <span class='ocrx_word' id='word_1_211' title='bbox 770 3057 796 3123; x_wconf 66' lang='lat' dir='ltr'>&#39;v.</span> <span class='ocrx_word' id='word_1_212' title='bbox 821 3072 859 3127; x_wconf 86' lang='grc'>49</span> <span class='ocrx_word' id='word_1_213' title='bbox 884 3074 912 3124; x_wconf 87' lang='lat' dir='ltr'>et</span> <span class='ocrx_word' id='word_1_214' title='bbox 936 3074 973 3128; x_wconf 82' lang='grc'>50</span> <span class='ocrx_word' id='word_1_215' title='bbox 996 3068 1087 3126; x_wconf 86' lang='lat' dir='ltr'>forma</span> <span class='ocrx_word' id='word_1_216' title='bbox 1109 3070 1194 3127; x_wconf 87' lang='lat' dir='ltr'>etiam</span> <span class='ocrx_word' id='word_1_217' title='bbox 1216 3089 1277 3128; x_wconf 88' lang='lat' dir='ltr'>ora-</span> 
     </span>
     <span class='ocr_line' id='line_1_29' title="bbox 211 3170 1277 3251; baseline 0.006 -24"><span class='ocrx_word' id='word_1_218' title='bbox 211 3171 299 3229; x_wconf 82' lang='lat' dir='ltr'>tionis</span> <span class='ocrx_word' id='word_1_219' title='bbox 328 3175 487 3230; x_wconf 78' lang='lat' dir='ltr'>accuratius</span> <span class='ocrx_word' id='word_1_220' title='bbox 514 3174 669 3251; x_wconf 83' lang='lat' dir='ltr'>exaequari</span> <span class='ocrx_word' id='word_1_221' title='bbox 698 3170 804 3231; x_wconf 87' lang='lat' dir='ltr'>debeat</span> <span class='ocrx_word' id='word_1_222' title='bbox 836 3179 865 3229; x_wconf 93' lang='lat' dir='ltr'>et</span> <span class='ocrx_word' id='word_1_223' title='bbox 889 3191 916 3228; x_wconf 90' lang='lat' dir='ltr'>v.</span> <span class='ocrx_word' id='word_1_224' title='bbox 941 3179 980 3233; x_wconf 82' lang='lat'>49</span> <span class='ocrx_word' id='word_1_225' title='bbox 1002 3170 1138 3231; x_wconf 90' lang='lat' dir='ltr'>traditum</span> <span class='ocrx_word' id='word_1_226' title='bbox 1171 3176 1208 3233; x_wconf 88' lang='lat' dir='ltr'>sit</span> <span class='ocrx_word' id='word_1_227' title='bbox 1240 3175 1277 3233; x_wconf 81' lang='lat' dir='ltr'>sd</span> 
     </span>
     <span class='ocr_line' id='line_1_30' title="bbox 208 3272 1278 3359; baseline 0.005 -24"><span class='ocrx_word' id='word_1_228' title='bbox 208 3274 348 3352; x_wconf 74' lang='grc' dir='ltr'><em>βουκᾶλω</em></span> <span class='ocrx_word' id='word_1_229' title='bbox 370 3272 441 3359; x_wconf 65' lang='grc' dir='ltr'><em>’ἔργα</em></span> <span class='ocrx_word' id='word_1_230' title='bbox 461 3274 572 3354; x_wconf 74' lang='grc' dir='ltr'><em>νοήσω,</em></span> <span class='ocrx_word' id='word_1_231' title='bbox 606 3276 673 3335; x_wconf 84' lang='lat' dir='ltr'>vide</span> <span class='ocrx_word' id='word_1_232' title='bbox 703 3296 800 3335; x_wconf 86' lang='lat' dir='ltr'>annon</span> <span class='ocrx_word' id='word_1_233' title='bbox 828 3295 926 3335; x_wconf 87' lang='lat' dir='ltr'>omnes</span> <span class='ocrx_word' id='word_1_234' title='bbox 947 3278 979 3334; x_wconf 92' lang='lat' dir='ltr'>in</span> <span class='ocrx_word' id='word_1_235' title='bbox 1000 3295 1031 3336; x_wconf 88' lang='lat' dir='ltr'>se</span> <span class='ocrx_word' id='word_1_236' title='bbox 1049 3277 1155 3338; x_wconf 88' lang='lat' dir='ltr'>habeat</span> <span class='ocrx_word' id='word_1_237' title='bbox 1175 3280 1278 3359; x_wconf 87' lang='lat' dir='ltr'>proba-</span> 
     </span>
     <span class='ocr_line' id='line_1_31' title="bbox 211 3379 1279 3463; baseline 0.005 -23"><span class='ocrx_word' id='word_1_238' title='bbox 211 3380 330 3441; x_wconf 86' lang='lat' dir='ltr'>bilitatis</span> <span class='ocrx_word' id='word_1_239' title='bbox 362 3400 496 3441; x_wconf 87' lang='lat' dir='ltr'>numeros</span> <span class='ocrx_word' id='word_1_240' title='bbox 524 3381 624 3455; x_wconf 87' lang='lat' dir='ltr'>lectio,</span> <span class='ocrx_word' id='word_1_241' title='bbox 660 3401 747 3462; x_wconf 89' lang='lat' dir='ltr'>quam</span> <span class='ocrx_word' id='word_1_242' title='bbox 776 3384 820 3441; x_wconf 88' lang='lat' dir='ltr'>vir</span> <span class='ocrx_word' id='word_1_243' title='bbox 843 3379 1022 3440; x_wconf 88' lang='lat' dir='ltr'>doctissimus</span> <span class='ocrx_word' id='word_1_244' title='bbox 1049 3388 1211 3463; x_wconf 75' lang='lat' dir='ltr'>proposuit,</span> <span class='ocrx_word' id='word_1_245' title='bbox 1245 3398 1279 3445; x_wconf 89' lang='lat' dir='ltr'>ut</span> 
     </span>
     <span class='ocr_line' id='line_1_32' title="bbox 211 3485 1278 3568; baseline 0.005 -23"><span class='ocrx_word' id='word_1_246' title='bbox 211 3485 335 3559; x_wconf 84' lang='lat' dir='ltr'>duorum</span> <span class='ocrx_word' id='word_1_247' title='bbox 362 3507 495 3547; x_wconf 85' lang='lat' dir='ltr'>versuum</span> <span class='ocrx_word' id='word_1_248' title='bbox 526 3498 622 3568; x_wconf 82' lang='lat' dir='ltr'>partes</span> <span class='ocrx_word' id='word_1_249' title='bbox 653 3497 711 3545; x_wconf 91' lang='lat' dir='ltr'>tam</span> <span class='ocrx_word' id='word_1_250' title='bbox 739 3487 830 3546; x_wconf 86' lang='lat' dir='ltr'>forma</span> <span class='ocrx_word' id='word_1_251' title='bbox 858 3505 945 3564; x_wconf 88' lang='lat' dir='ltr'>quam</span> <span class='ocrx_word' id='word_1_252' title='bbox 973 3505 1060 3546; x_wconf 87' lang='lat' dir='ltr'>sensu</span> <span class='ocrx_word' id='word_1_253' title='bbox 1081 3488 1119 3546; x_wconf 86' lang='lat' dir='ltr'>ad</span> <span class='ocrx_word' id='word_1_254' title='bbox 1142 3495 1278 3550; x_wconf 88' lang='lat' dir='ltr'>amussim</span> 
     </span>
     <span class='ocr_line' id='line_1_33' title="bbox 208 3591 1279 3672; baseline 0.002 -20"><span class='ocrx_word' id='word_1_255' title='bbox 208 3591 358 3669; x_wconf 81' lang='lat' dir='ltr'>eleganter</span> <span class='ocrx_word' id='word_1_256' title='bbox 379 3593 433 3653; x_wconf 89' lang='lat' dir='ltr'>sibi</span> <span class='ocrx_word' id='word_1_257' title='bbox 455 3592 657 3671; x_wconf 84' lang='lat' dir='ltr'>respondeant.</span> <span class='ocrx_word' id='word_1_258' title='bbox 700 3611 797 3671; x_wconf 87' lang='lat' dir='ltr'>neque</span> <span class='ocrx_word' id='word_1_259' title='bbox 824 3594 917 3672; x_wconf 88' lang='lat' dir='ltr'>ipsum</span> <span class='ocrx_word' id='word_1_260' title='bbox 938 3591 1057 3652; x_wconf 90' lang='lat' dir='ltr'>verbum</span> <span class='ocrx_word' id='word_1_261' title='bbox 1078 3593 1190 3653; x_wconf 89' lang='lat' dir='ltr'>finitum</span> <span class='ocrx_word' id='word_1_262' title='bbox 1211 3599 1279 3654; x_wconf 89' lang='lat' dir='ltr'>arti·</span> 
     </span>
     <span class='ocr_line' id='line_1_34' title="bbox 135 3696 1277 3778; baseline 0.004 -23"><span class='ocrx_word' id='word_1_263' title='bbox 135 3702 140 3709; x_wconf 86' lang='lat'>&#39;</span> <span class='ocrx_word' id='word_1_264' title='bbox 209 3697 276 3756; x_wconf 88' lang='lat' dir='ltr'>culo</span> <span class='ocrx_word' id='word_1_265' title='bbox 308 3707 337 3757; x_wconf 86' lang='lat' dir='ltr'>et</span> <span class='ocrx_word' id='word_1_266' title='bbox 361 3701 471 3758; x_wconf 88' lang='lat' dir='ltr'>nomini</span> <span class='ocrx_word' id='word_1_267' title='bbox 500 3701 683 3778; x_wconf 86' lang='lat' dir='ltr'>interponere</span> <span class='ocrx_word' id='word_1_268' title='bbox 704 3705 807 3777; x_wconf 86' lang='lat' dir='ltr'>poetae</span> <span class='ocrx_word' id='word_1_269' title='bbox 828 3697 1020 3757; x_wconf 84' lang='lat' dir='ltr'>Alexandrini</span> <span class='ocrx_word' id='word_1_270' title='bbox 1047 3696 1277 3759; x_wconf 86' lang='lat' dir='ltr'>refonnidarunt.</span> 
     </span>
     <span class='ocr_line' id='line_1_35' title="bbox 211 3802 1276 3865; baseline 0.004 -5"><span class='ocrx_word' id='word_1_271' title='bbox 211 3822 248 3860; x_wconf 84' lang='lat' dir='ltr'>ex</span> <span class='ocrx_word' id='word_1_272' title='bbox 272 3806 410 3862; x_wconf 86' lang='lat' dir='ltr'>amatorio</span> <span class='ocrx_word' id='word_1_273' title='bbox 433 3802 601 3863; x_wconf 83' lang='lat' dir='ltr'>Callimachi</span> <span class='ocrx_word' id='word_1_274' title='bbox 630 3806 756 3863; x_wconf 78' lang='lat' dir='ltr'>carmIne</span> <span class='ocrx_word' id='word_1_275' title='bbox 784 3804 936 3862; x_wconf 85' lang='lat' dir='ltr'>frustulum</span> <span class='ocrx_word' id='word_1_276' title='bbox 958 3804 1041 3863; x_wconf 91' lang='lat' dir='ltr'>nobis</span> <span class='ocrx_word' id='word_1_277' title='bbox 1062 3815 1105 3864; x_wconf 91' lang='lat' dir='ltr'>est</span> <span class='ocrx_word' id='word_1_278' title='bbox 1134 3816 1276 3865; x_wconf 88' lang='lat' dir='ltr'>servatum</span> 
     </span>
     <span class='ocr_line' id='line_1_36' title="bbox 209 3908 475 3984; baseline 0 -18"><span class='ocrx_word' id='word_1_279' title='bbox 209 3909 264 3984; x_wconf 82' lang='lat' dir='ltr'>frg.</span> <span class='ocrx_word' id='word_1_280' title='bbox 293 3913 349 3970; x_wconf 88' lang='grc'>118</span> <span class='ocrx_word' id='word_1_281' title='bbox 372 3908 475 3971; x_wconf 78' lang='lat' dir='ltr'>Schnt</span> 
     </span>
    </p>
   </div>
   <div class='ocr_carea' id='block_1_3' title="bbox 504 4014 888 4092">
    <p class='ocr_par' dir='ltr' id='par_1_7' title="bbox 504 4014 888 4092">
     <span class='ocr_line' id='line_1_37' title="bbox 504 4014 888 4092; baseline 0.003 -20"><span class='ocrx_word' id='word_1_282' title='bbox 504 4014 524 4091; x_wconf 73' lang='grc' dir='ltr'><em>ἡ</em></span> <span class='ocrx_word' id='word_1_283' title='bbox 546 4021 617 4085; x_wconf 78' lang='grc' dir='ltr'><strong><em>παῖς</em></strong></span> <span class='ocrx_word' id='word_1_284' title='bbox 638 4015 656 4092; x_wconf 72' lang='grc' dir='ltr'><em>ἡ</em></span> <span class='ocrx_word' id='word_1_285' title='bbox 678 4014 888 4084; x_wconf 76' lang='grc' dir='ltr'>κατάκλειστος</span> 
     </span>
    </p>
   </div>
   <div class='ocr_carea' id='block_1_4' title="bbox 505 4118 861 4200">
    <p class='ocr_par' dir='ltr' id='par_1_8' title="bbox 505 4118 861 4200">
     <span class='ocr_line' id='line_1_38' title="bbox 505 4118 861 4200; baseline 0 -22"><span class='ocrx_word' id='word_1_286' title='bbox 505 4119 559 4196; x_wconf 78' lang='grc' dir='ltr'>τὴν</span> <span class='ocrx_word' id='word_1_287' title='bbox 581 4118 611 4178; x_wconf 79' lang='lat' dir='ltr'>oi&#39;</span> <span class='ocrx_word' id='word_1_288' title='bbox 630 4140 703 4200; x_wconf 75' lang='grc' dir='ltr'>φασι</span> <span class='ocrx_word' id='word_1_289' title='bbox 728 4118 861 4190; x_wconf 63' lang='lat' dir='ltr'>caadursa</span> 
     </span>
    </p>
   </div>
   <div class='ocr_carea' id='block_1_5' title="bbox 0 0 1522 4675">
    <p class='ocr_par' dir='ltr' id='par_1_9' title="bbox 0 0 1522 4675">
     <span class='ocr_line' id='line_1_39' title="bbox 0 0 1522 4675; baseline 0 0"><span class='ocrx_word' id='word_1_290' title='bbox 0 0 1522 4675; x_wconf 95' lang='lat' dir='ltr'> </span> 
     </span>
    </p>
   </div>
  </div>
 </body>
</html>
