3034 4675
652 246 866 309 „29-

219 415 297 474 bulis
319 425 497 494 separantur,
519 418 758 494 praepositionem
780 426 876 475 autem
896 418 1004 494 excipit
1023 416 1202 475 attributum.
1225 438 1292 476 uam

221 521 267 580 bis
289 520 361 578 locis
381 523 554 599 praepositio
575 523 707 600 sequenti
719 506 720 510 ¹
730 521 868 580 attributo
883 530 944 579 arte
958 520 1136 579 adnectenda
1151 532 1180 579 et
1197 524 1293 599 potius

221 628 351 685 traiectio
380 626 510 685 attributi
537 640 565 685 et
593 626 766 685 substantivi
792 625 985 702 intellegenda
1007 645 1069 684 esse
1090 625 1211 685 videtur.
1256 627 1291 685 cf.

223 733 311 790 etiam
325 727 449 790 Bossler.
463 729 500 789 de
512 750 644 809 praepos.
661 752 716 791 usu
729 730 807 809 apud
819 729 987 812 Pindarum.
1011 730 1186 790 Darmstadii
1206 736 1293 795 [eea.

224 857 253 914 p.
278 841 316 897 78
338 855 381 938 sq.

307 941 416 1000 Earum
437 942 697 1020 praepositionum,
721 961 803 1020 quae
828 960 928 1000 revera
948 940 1085 1001 adverbia
1105 948 1172 999 sunt
1193 948 1222 997 et
1242 937 1292 997 ad·

222 1044 386 1105 verbiorum
408 1046 567 1122 fimguntur
593 1064 727 1118 munere,
756 1046 846 1105 multo
874 1046 1051 1105 licentiorem
1078 1044 1293 1103 collocationem

222 1169 285 1211 esse
313 1159 420 1209 norunt
440 1152 534 1230 periti.
575 1170 642 1209 nam
664 1170 729 1209 cum
751 1154 829 1210 casui
850 1172 908 1210 non
929 1160 989 1210 tam
1009 1160 1087 1211 arcte
1108 1148 1291 1222 adhaereant,

223 1258 387 1335 saepissime
415 1254 608 1335 compluribus
637 1255 784 1316 vocabulis
813 1266 842 1316 et
871 1260 916 1316 eis
939 1256 1056 1336 quidem
1077 1254 1255 1333 gravioribus
1276 1274 1295 1311 a

223 1362 341 1433 nomine
365 1362 563 1437 seiunguntur.
607 1361 733 1441 exempli
762 1364 855 1438 gratia
881 1362 919 1425 cf.
950 1362 1035 1420 Hom.
1065 1360 1101 1420 Il.
1132 1364 1191 1432 III,
1226 1365 1293 1422 162.

224 1463 328 1523 Aescb.
353 1466 437 1523 Eum.
455 1472 524 1528 597.
561 1467 664 1545 Eurip.
686 1466 740 1544 frg.
766 1474 825 1529 395
848 1468 961 1533 Nauck,
995 1467 1089 1525 Thuc.
1105 1468 1155 1538 IV,
1180 1471 1208 1526 9.
1232 1464 1292 1542 ξῖ.

228 1570 313 1627 etiam
336 1573 511 1649 postpositae
531 1572 619 1649 longe
640 1591 658 1630 a
679 1590 762 1645 casu,
785 1574 831 1630 cui
849 1570 1050 1649 adiungendus
1070 1579 1165 1641 erant,
1194 1568 1294 1628 distra-

224 1674 351 1750 huntur3
380 1674 430 1733 sed
453 1675 624 1755 plerumque
644 1696 703 1735 non
725 1680 789 1736 sine
809 1688 909 1760 aperto
931 1677 1049 1736 consilio
1073 1675 1217 1734 duriorem
1238 1684 1295 1732 tra·

225 1781 377 1839 iectionem
406 1799 468 1840 esse
494 1780 647 1841 admissam
670 1780 784 1841 duobus
809 1783 949 1862 exemplis
972 1780 1089 1840 docebo.
1135 1778 1223 1859 Sopb.
1246 1779 1294 1836 Ai.

227 1891 285 1947 797
310 1904 373 1964 sqq.

414 1967 518 2050 πάτερ,
539 1971 625 2041 θεοῖς
644 1969 700 2050 μὲν
721 1970 778 2031 κᾶν
799 1972 814 2032 ὁ
836 1969 930 2056 μηδὲν
952 1969 993 2032 ὢν
1011 1970 1090 2049 ’ὁμοῦ

413 2071 522 2155 κράτος
541 2074 773 2155 κατακτήσσιτὶ·
797 2076 853 2158 ἐγὼ
875 2074 978 2136 δὲκαὶ
1001 2076 1071 2154 δίχα

413 2178 517 2239 κείνων
538 2177 673 2240 πέποιθα
695 2178 777 2242 τοῦτ’
800 2180 973 2242 ἐπισπάσειν
994 2178 1086 2251 κλέος.

226 2303 394 2365 adverbium
415 2303 491 2383 ὁμσῦ
510 2325 562 2365 cur
581 2308 741 2368 seiunctum
762 2329 780 2367 a
801 2310 917 2371 nomine
938 2327 990 2366 suo
1012 2315 1140 2367 extremo
1155 2326 1239 2367 versu
1260 2308 1297 2366 sit

228 2411 412 2482 collocatum,
435 2411 505 2470 haec
528 2421 572 2471 est
593 2431 694 2486 causa,
725 2423 758 2472 ut
779 2414 949 2473 vocabulum
972 2416 1108 2472 maiorem
1129 2421 1299 2492 assequatur

228 2519 398 2592 gravitatem
426 2525 455 2575 et
484 2516 585 2577 eodem
614 2517 693 2592 loco,
722 2539 780 2598 quo
810 2523 840 2578 in
860 2521 992 2599 sequenti
1020 2537 1105 2576 versu
1134 2520 1195 2576 eius
1227 2536 1298 2575 con-

227 2624 347 2681 trarium
372 2621 452 2701 δίχιι,
482 2625 607 2701 positum
631 2624 733 2684 fortius
755 2625 867 2684 evadat.
906 2634 994 2704 atque
1015 2623 1136 2682 similem
1158 2625 1297 2682 rationem

227 2728 260 2785 in
281 2727 403 2786 Theocr.
425 2728 511 2801 XVI,
540 2735 596 2792 ¹08
619 2749 662 2809 sq.

655 2831 686 2892 τί
704 2833 762 2915 γὰρ
780 2833 915 2916 χαρίτων
937 2833 1091 2914 ἀγαπητὸν

357 2934 533 3018 ἀνθρώποις
554 2937 742 3015 (indesidem
765 2939 810 2998 ἀεὶ
828 2939 1002 3020 χαρίτεσσιν
1024 2934 1077 3014 ἅμ)
1100 2933 1162 3014 εἴην

228 3041 408 3102 intercedere
428 3047 572 3103 neminem
594 3044 720 3125 proferto
741 3045 823 3121 fugit.
862 3044 1050 3104 difficiliorem
1072 3051 1167 3101 autem
1189 3043 1299 3100 seiunc-

228 3150 336 3207 tionem
351 3169 437 3229 quam
456 3151 487 3207 in
503 3150 629 3209 Archiae
646 3152 765 3209 iunioris
780 3153 914 3222 carmine,
929 3150 1009 3209 anth.
1024 3147 1086 3207 Pal.
1099 3146 1139 3217 X,
1162 3154 1206 3218 10,
1221 3154 1237 3207 5
1254 3164 1297 3223 sq.

650 3252 741 3315 σέθεν
764 3250 791 3312 d'
814 3249 870 3334 ἰγὼ
893 3253 999 3314 οὕνεκα
1021 3252 1133 3329 ταύτης

396 3359 527 3439 εὐποιΐης
548 3356 662 3438 πέμψω
684 3360 782 3441 πρηὺν
804 3357 915 3419 ὄπισθε
938 3357 1031 3434 νότον,

230 3460 281 3521 ubi
299 3463 388 3523 verba
409 3462 500 3524 σέθεν
515 3463 625 3542 ὄπισθε
641 3463 787 3542 iungenda
801 3474 876 3537 sunt,
899 3485 1040 3546 perquam
1061 3483 1126 3522 raro
1148 3463 1299 3520 inveneris.
1365 3512 1368 3515 ,

317 3568 375 3629 Sed
391 3569 462 3629 baec
476 3591 551 3650 quae
567 3571 605 3630 ab
620 3569 766 3630 adverbiis
787 3573 918 3650 proxime
935 3572 1043 3630 distant
1063 3568 1204 3629 vocabula
1224 3586 1301 3625 nunc

232 3675 332 3732 omitto
354 3674 442 3735 etad
470 3697 551 3736 veras
573 3679 800 3756 praepositiones
828 3695 874 3734 me
896 3683 1046 3746 converto,
1077 3694 1199 3753 quarum
1226 3675 1300 3731 inso-

230 3777 335 3838 lentior
369 3780 516 3860 dispositio
551 3781 715 3859 linguarum
747 3783 930 3863 antiquarum
961 3780 1165 3858 proprietatem
1197 3777 1301 3836 clarius

232 3881 365 3948 illustrat.
399 3888 498 3966 itaque
516 3887 586 3946 baec
608 3886 770 3966 disquisitio
791 3886 877 3964 paulo
895 3884 1001 3943 diutius
1022 3905 1075 3943 nos
1095 3882 1299 3943 demorabitur.

234 3988 327 4049 obiter
348 3999 459 4050 tantum
481 4012 669 4051 commemoro
691 3992 917 4072 praepositiones
939 3990 1104 4068 frequenter
1126 3991 1201 4047 inter
1221 3988 1301 4044 attri-

233 4092 334 4154 butum
362 4106 391 4155 et
418 4098 627 4157 substantivum
649 4097 798 4170 collocari,
828 4116 887 4175 qua
914 4095 951 4154 de
972 4114 1004 4153 re
1026 4096 1136 4173 inspice
1157 4091 1302 4168 Kruegeri
