3034 4675
631 296 668 306 —
718 259 778 323 ll9
821 296 865 304 —

212 441 241 491 et
262 421 360 510 Apoll.
384 430 478 495 Rhod.
500 435 516 493 1
541 436 579 493 40

325 534 494 617 Λάρισσαν
514 528 556 595 δ’·
571 533 619 595 ἐπὶ
641 540 718 593 τοῖσι
741 532 836 592 λιπὼν
857 532 1046 614 Πολύφημος
1064 531 1177 596 ἵκανεν.
1228 587 1231 591 Α

212 656 290 737 apud
318 667 418 738 poetas
448 658 624 718 Graecorum
657 658 780 733 tragicos
801 675 1009 734 nonnunquam
1030 675 1109 715 more
1131 656 1285 716 Homerico

213 763 261 843 (cl.
295 763 331 826 Il.
352 767 395 826 ἸΙ
426 770 496 837 795,
539 766 587 825 ΙΙΙ
628 761 703 843 386)
735 763 913 837 pronominis
946 778 963 818 e
993 761 1080 821 verbo
1113 761 1194 821 finito
1224 763 1285 841 apti

211 870 321 928 formae
342 851 491 928 encliticae
512 869 669 948 participio
685 874 713 925 et
728 886 803 946 quae
817 866 855 926 ab
869 886 903 925 eo
925 874 1073 943 reguntur,
1095 866 1284 940 intercedunt,
1309 843 1311 849 Α

212 973 300 1034 veluti
322 973 412 1050 Soph.
435 974 535 1051 Antig.
562 977 640 1035 1273
664 992 728 1051 sqq.

757 1119 759 1126 «
837 1075 867 1135 ἓν
889 1071 919 1135 d'
946 1074 1009 1159 ἐμῷ
1030 1068 1109 1162 κάρα

395 1180 466 1244 τότ’
488 1182 548 1265 ἄρα
571 1179 638 1242 τότε
661 1181 735 1253 θεὸς
755 1179 831 1262 μέγα
851 1174 944 1263 βάρος
964 1175 1000 1260 μ’
1027 1177 1102 1260 ἔχων

393 1284 522 1349 ἔπαισεν.
1030 1292 1040 1304 ’

213 1431 388 1492 quamquam
416 1412 488 1472 haec
515 1411 603 1471 verba
625 1411 793 1469 Hermanno
816 1418 933 1470 auctore
954 1412 995 1468 ita
1016 1409 1142 1468 construi
1164 1411 1285 1488 possunt

210 1514 288 1599 μέγα
309 1511 402 1598 βάρος
422 1511 459 1596 μ’
484 1513 575 1596 ἔχων,
603 1525 637 1576 ut
658 1518 741 1596 quasi
770 1523 844 1574 essct
864 1511 1069 1596 βαρυνόμενος
1090 1535 1158 1593 μοι,
1188 1522 1284 1574 tamen

213 1624 282 1701 quia
306 1620 344 1681 ad
365 1623 486 1682 verbum
505 1615 627 1682 'iliacum
647 1623 840 1680 accusativum
863 1619 966 1681 obiecti
992 1618 1131 1692 desidero,
1153 1618 1191 1677 ad
1212 1617 1285 1678 illud

213 1746 372 1803 pronomen
392 1724 434 1805 μέ
451 1729 560 1787 referre
581 1727 687 1786 malim.
717 1726 815 1787 confer
830 1726 951 1785 similem
970 1725 1074 1799 locum,
1090 1744 1175 1804 quem
1190 1724 1284 1783 Elms-

213 1833 298 1912 leyus
320 1835 383 1892 sine
403 1832 492 1892 dubio
509 1841 592 1891 recte
615 1834 754 1907 correxit,
778 1833 879 1911 Eurip.
903 1832 968 1907 Iph.
990 1832 1079 1896 Taur,
1104 1837 1164 1892 679

300 2019 303 2025 ,
361 1957 489 2040 προδοὺς
511 1957 671 2019 σεσῶσθαί
690 1947 718 2019 o'
745 1956 836 2028 αὐτὸς
858 1956 899 2027 εἷς
924 1957 1021 2028 οἰκοὺς
1041 1953 1142 2035 μόνος.

212 2082 250 2145 G.
269 2084 434 2144 Hermanno
450 2085 527 2143 enim
542 2103 602 2142 non
617 2083 786 2159 adstipulor‚
809 2084 855 2141 cui
877 2082 948 2140 haec
962 2084 1126 2142 coniectura
1140 2080 1285 2156 displicuit

215 2192 349 2276 ‘maxime
369 2198 488 2269 propter
502 2208 660 2266 pronomen
683 2208 717 2246 eo
736 2195 795 2265 quo
809 2189 927 2245 minime
941 2186 1042 2246 debuit
1055 2188 1117 2246 loco
1132 2188 1284 2262 positum’3

215 2303 315 2354 contra
343 2313 439 2376 neque
467 2293 617 2353 consilium
647 2312 742 2373 neque
770 2312 817 2352 ars
845 2291 944 2353 deesse
970 2293 1041 2353 mihi
1061 2291 1190 2366 videtur,
1220 2311 1285 2349 cum

213 2418 289 2479 quae
318 2410 385 2460 sunt
413 2401 467 2460 sibi
495 2402 627 2481 opposita
648 2398 791 2481 (προδούς
818 2378 1040 2474 stacederet,
1069 2397 1105 2460 σέ
1122 2407 1151 2458 et
1180 2396 1283 2478 αὐτός)
1314 2444 1316 2449 2

213 2507 295 2565 iuxta
326 2505 464 2566 collocata
493 2508 584 2584 magis
613 2507 833 2585 conspiciantur.
877 2503 1003 2585 denique
1037 2512 1070 2563 ut
1103 2502 1190 2561 huius
1218 2520 1284 2559 con-

217 2613 373 2670 secutionis
409 2611 588 2685 insolentiam
626 2611 824 2691 exemplorum
853 2630 973 2669 numero
1001 2613 1063 2688 ipso
1093 2614 1285 2667 sustentemus

214 2725 243 2775 et
269 2715 316 2774 rel
343 2716 517 2776 reluctantes
549 2720 580 2776 in
612 2719 783 2776 sententiam
819 2725 945 2776 nostram
973 2717 1135 2785 trahamus,
1164 2714 1284 2792 apponi-

211 2840 276 2880 mus
296 2820 398 2901 Euripj
422 2823 484 2880 Ion.
508 2827 581 2886 293'
668 2843 694 2890 J

392 2924 442 2984 aul
464 2934 528 2998 πῶς
549 2924 628 2999 ξένος
649 2923 685 2986 o'
709 2923 751 2985 ὢν
773 2923 857 3003 ἴσχεν
878 2919 970 2985 οὖσαν
992 2923 1109 3004 {ypram

213 3039 243 3088 et
264 3029 369 3092 Bacch.
393 3034 451 3093 502

436 3136 474 3196 σὺ
496 3127 526 3195 δ’)
552 3135 663 3215 ἀσεβὴς
683 3134 776 3194 αὐτὸν
798 3131 840 3193 ὢν
861 3135 914 3194 οὐκ
938 3132 1064 3219 εἰσορᾷς.

216 3256 268 3316 sed
297 3267 411 3338 praeter
439 3277 598 3333 pronomen
626 3258 701 3317 aliae
730 3276 846 3337 quoque
874 3264 986 3332 partes,
1016 3274 1091 3335 quae
1112 3253 1150 3313 ad
1171 3253 1284 3330 praedi·

214 3371 309 3422 catum
337 3371 483 3444 spectant,
520 3366 662 3445 participii
692 3364 896 3422 constructioni
925 3360 1003 3441 apud
1030 3370 1130 3441 poetas
1157 3362 1285 3420 scenicos

214 3470 446 3544 interponuntur,
470 3478 499 3528 et
519 3473 579 3528 vice
600 3489 691 3543 versa,
715 3488 823 3548 quaea
841 3469 992 3548 participio
1014 3475 1081 3543 apta
1103 3476 1179 3539 sunt,
1202 3486 1284 3546 prae-

214 3571 309 3631 dicato
331 3584 359 3632 et
381 3576 443 3632 eius
464 3573 576 3634 obiecto
597 3577 801 3635 immiscentur.
846 3575 880 3631 cf.
905 3574 1006 3647 Eurip.
1029 3572 1133 3632 Bacch.
1158 3578 1216 3634 857

555 3694 666 3775 κόσμον
687 3695 777 3776 ὅνπερ
797 3694 838 3766 εἷς
855 3689 956 3756 Ἅιδου
977 3694 1081 3772 λαβὼν

418 3799 526 3877 ἄπεισι,

214 3911 243 3961 et
264 3906 352 3964 Arist.
374 3905 451 3965 Plus
476 3913 537 3969 204

767 4006 865 4080 εἰσδὺς
888 4001 944 4089 γάρ
966 4030 1037 4068 ποτε

425 4116 477 4173 οὐκ
499 4107 576 4192 εἶχεν
597 4112 639 4185 εἰς
660 4114 714 4193 τὴν
737 4113 832 4174 οἰκίαν
855 4111 939 4174 οὐδὲν
961 4116 1074 4190 λαβεῖν.
