3034 4675
544 297 856 360 χ-οσ-

368 483 460 558 ζωοὺς
482 490 561 566 τρεῖς
581 483 685 565 ἐκύησε
706 483 820 565 γόνους,
841 485 943 565 μήτηρ
965 485 1093 567 ἐγενήθη

366 590 478 651 δισσῶν
499 591 678 672 ἀρρενικῶν·
701 591 736 650 τὸ
757 588 791 651 δὲ
813 593 896 669 θῆλυ
918 590 1019 672 τρίτον
1040 593 1203 654 κατιδοῦσα

367 695 439 773 ἠοῦς
460 690 619 775 ἑνδεκάτης
640 693 720 756 ἔλιπε
741 696 846 775 ψυχὴν
868 695 1046 775 ἀμερίμνως.

211 821 302 881 verba
331 822 366 882 τὸ
394 820 427 883 δὲ
453 825 537 902 θῆλυ
558 822 660 903 τρίτον
682 821 849 883 κατιδοῦσα
877 825 916 882 ita
937 813 1137 901 coniungenda
1165 845 1227 885 esse
1249 827 1283 886 τὸ

212 925 246 988 δι’
275 927 376 1010 τρίτον
403 930 487 1006 θῆλυ
514 927 677 988 κατιδοῦσα
707 930 913 987 sententiarum
942 947 1036 987 nexus
1064 913 1185 989 suadere
1212 932 1283 991 mihi

211 1030 335 1093 videtur.
379 1033 455 1093 hanc
491 1042 587 1092 autem
622 1032 837 1091 collocationem
874 1031 975 1092 eadem
1011 1042 1111 1094 acutam
1148 1039 1283 1096 orationis

213 1138 323 1197 formae
344 1141 554 1198 consectatione
574 1136 768 1196 excusandam
788 1137 834 1196 vel
863 1136 1063 1217 explicandam
1092 1160 1157 1200 esse
1181 1142 1282 1201 elucet.
1330 1149 1332 1155 ’

301 1265 427 1341 Insignis
449 1266 608 1341 igiturest,
632 1271 666 1322 ut
686 1263 818 1342 exemplo
840 1262 927 1321 allata
949 1262 1154 1339 demonstrant,
1187 1286 1283 1326 recen-

211 1370 317 1427 tiorum
346 1378 507 1449 temporum
527 1367 649 1428 audacia
678 1370 708 1427 in
730 1368 841 1426 articuli
869 1369 1029 1449 hyperbato
1052 1370 1223 1451 plerumque
1244 1375 1285 1431 ita

212 1472 348 1547 admisso,
371 1483 404 1533 ut
425 1472 562 1534 iudicium
584 1483 613 1534 et
627 1474 775 1533 elaborata
794 1493 841 1532 ars
855 1483 1000 1553 appareat.
1035 1474 1085 1533 sed
1108 1476 1154 1534 hic
1168 1497 1285 1556 quoque

213 1586 364 1659 poetarum
382 1582 581 1660 posteriorum,
606 1599 664 1657 qua
684 1587 780 1638 aetate
794 1599 952 1658 pronomen
968 1578 984 1639 ὅ
1000 1579 1113 1639 articuli
1126 1582 1184 1639 vim
1198 1583 1284 1659 vulgo

212 1684 460 1764 praeseferebat,
483 1684 602 1744 liberior
614 1705 682 1745 usus
700 1704 848 1744 emanasse
863 1683 977 1744 videtur
991 1704 1027 1743 ex
1041 1688 1161 1765 antiqua
1177 1688 1284 1746 Homo-

211 1791 264 1849 rici
285 1792 424 1850 sermonis
445 1789 660 1864 consuetudine,
687 1809 775 1870 quam
796 1792 981 1867 cognovimus
1002 1793 1033 1849 in
1055 1789 1111 1849 illis
1134 1791 1281 1871 exemplis,

212 1894 319 1975 quibus
340 1895 442 1954 vocula
463 1893 479 1953 ὃ
500 1894 547 1954 vel
568 1894 584 1955 ὃ
605 1892 661 1973 μὲν
681 1897 860 1975 pronominis
881 1894 1095 1962 demonstrativi
1118 1896 1180 1955 loco
1202 1916 1283 1956 usur-

212 2010 281 2080 pata
310 2021 328 2058 a
356 2001 533 2060 substantivo
555 2000 669 2078 longius
694 2003 818 2060 recessit.

1322 2079 1370 2191 'cp
1407 2080 1509 2168 illio⁸

1382 2179 1394 2216 ›

1178 2163 1324 2280 Μ

402 2256 489 2339 dd.
552 2259 737 2339 traiectio
770 2260 1099 2360 praepositionum.

297 2459 543 2539 Praepositiones,
573 2478 646 2539 quas
675 2458 781 2518 Graeci
802 2467 906 2517 vocant
927 2456 1101 2539 προθέσεις,
1129 2462 1159 2517 in
1184 2460 1283 2537 lingua

213 2564 326 2626 Graeca
348 2572 378 2623 et
398 2565 511 2637 Latina,
542 2566 669 2644 exceptis
690 2564 846 2637 nonnullis,
877 2583 952 2642 quae
973 2563 1117 2624 adverbiis
1133 2568 1282 2644 proximae

212 2678 289 2744 sunt,
311 2679 380 2730 ante
400 2689 505 2729 nomen
520 2669 653 2729 collocari
674 2672 737 2749 ipsa
750 2668 906 2748 appellatio
928 2669 1031 2749 prodit.
1057 2679 1196 2729 vceterum
1210 2669 1281 2728 illud

213 2784 257 2837 est
282 2774 498 2834 memorandum
527 2785 557 2834 et
577 2774 793 2835 collocationem
820 2777 1038 2855 praepositionis
1064 2784 1130 2855 post
1151 2774 1282 2834 substan-

214 2883 305 2941 tivum
326 2890 355 2940 et
374 2889 539 2952 accentum,
569 2900 656 2958 quem
676 2882 787 2940 nomini
809 2880 960 2939 subiuncta
981 2880 1036 2940 sibi
1057 2879 1199 2952 vindicat,
1230 2900 1281 2959 pro

214 2988 347 3063 genuinis
369 3006 431 3046 esse
452 2984 586 3044 habenda
608 2984 657 3064 (cf.
679 2984 855 3044 Delbrueck.
879 2985 962 3064 Synt.
986 2984 1104 3045 Forsch.
1128 2989 1176 3058 IV,
1200 2984 1282 3044 Halis

217 3097 307 3155 1879.
334 3115 364 3172 p.
392 3091 473 3172 148).
518 3093 616 3169 itaque
640 3090 836 3169 anastrophen
865 3092 1085 3171 praepositionis
1113 3089 1150 3148 ad
1177 3090 1281 3169 hyper·

213 3194 301 3256 baton
322 3198 429 3256 referre
449 3217 509 3255 non
531 3195 685 3272 debemus,
711 3199 766 3255 nisi
796 3196 869 3255 forte
898 3216 932 3254 ea
953 3204 1083 3275 tempora
1105 3198 1280 3274 respicimus,

147 3370 150 3377 Ι
213 3301 320 3380 quibus
341 3302 457 3380 linguae
482 3312 592 3361 veteres
614 3303 669 3375 ita,
700 3312 733 3362 ut
755 3302 838 3362 nobis
860 3310 928 3362 sunt
945 3300 1081 3384 traditae,
1112 3309 1194 3360 erant
1215 3320 1281 3359 con-

213 3405 350 3466 firmatae.
391 3416 519 3466 attamen
545 3410 632 3466 etiam
659 3406 738 3487 apud
761 3408 920 3466 Homerum
942 3408 1018 3489 inter
1038 3405 1232 3485 anastrophen
1254 3415 1283 3465 et

214 3529 276 3570 eam
305 3514 525 3592 praepositionis
554 3512 785 3585 collocationem,
820 3532 878 3591 qua
906 3514 1016 3570 nomini
1045 3531 1097 3570 suo
1120 3511 1281 3589 praecedat,

212 3596 321 3678 certum
343 3617 495 3678 discrimen
517 3620 635 3677 minime
653 3620 797 3677 inveneris
818 3618 878 3689 vel,
909 3616 960 3676 ubi
981 3618 1155 3696 praepositio
1178 3636 1282 3675 nomen

120 3775 124 3782 .
212 3723 358 3800 seqnitur,
395 3724 524 3802 poeticae
556 3723 687 3783 dictionis
717 3731 849 3782 ornatum
884 3722 1067 3782 intellexeris.
1111 3723 1282 3800 posteriores

213 3824 329 3904 quidem
352 3827 420 3887 inde
449 3827 559 3908 aliquid
581 3827 751 3889 insolentiae
780 3837 808 3887 et
829 3830 958 3908 poeticae
974 3830 1086 3886 virtutis
1108 3829 1282 3906 quaesivisse

212 3930 363 4007 videntur,
393 3942 425 3992 ut
453 3933 579 4009 vulgaris
608 3935 747 3993 sermonis
777 3934 900 3993 colorem
927 3936 1073 3992 evitarent.
1119 3932 1189 4011 quid
1214 3953 1282 3992 vero

214 4037 291 4096 inter
304 4040 447 4097 variorum
468 4046 629 4116 temporum
644 4048 743 4118 poetas
757 4039 884 4099 Graecos
906 4056 998 4116 nsque
1018 4036 1056 4096 ad
1069 4036 1283 4097 Alexandrinos

214 4142 244 4199 in
272 4143 460 4222 amstrophes
488 4163 543 4202 usu
569 4143 741 4216 intercedat,
773 4143 988 4221 diligentissime
1018 4150 1211 4221 perscrutatus
1240 4153 1283 4202 est
