3034 4675
629 199 878 293 &oa-

228 400 359 475 ponendi
381 409 410 459 et
431 371 626 459 traiectioncm
648 401 806 475 particulae
834 399 887 459 καί
905 409 933 459 et
959 402 1181 476 praepositionis
1201 401 1307 479 hyper-

183 592 187 598 ,
230 506 322 566 baton
344 507 444 566 effecit.
491 525 587 585 neque
608 505 692 565 aliter
712 506 812 582 Apoll.
835 504 930 567 Rhcd.
953 507 1052 567 1121

498 628 553 688 σὺν
575 626 629 686 καί
648 624 675 690 oi
694 620 787 698 Ὕλας
808 626 869 687 κίεν
890 626 1001 698 ἐσθλὸς
1023 624 1136 687 ὀπάων.

226 751 380 828 complura
391 752 524 832 exempla
535 754 678 829 congessit
684 751 931 827 Naegelsbachius
945 751 976 808 iu
990 748 1087 808 adnot.
1100 749 1146 809 ad.
1158 750 1193 808 Il.
1206 752 1222 809 I
1236 748 1306 811 213.

232 856 291 914 hnc
313 858 400 915 etiam
421 856 589 917 referendus
610 865 684 917 esset
706 857 855 915 Theocriti
876 875 974 914 versus
997 853 1035 913 id.
1058 856 1120 916 XV
1142 861 1181 918 25

363 970 405 1038 ὧν
428 976 496 1052 ἴδες,
521 971 563 1038 ὧν
585 974 663 1051 εἶπες
684 979 734 1038 καὶ
758 978 857 1038 ἰδοῖσα
879 979 916 1060 τὺ
937 978 982 1060 τῷ
1002 977 1046 1056 μὴ
1070 975 1173 1052 ἰδόντι,

232 1103 259 1158 si
289 1100 375 1160 modo
405 1101 534 1162 codicum
563 1105 704 1182 scriptura
732 1110 809 1160 recte
838 1120 901 1159 sese
927 1099 1062 1181 haberet3
1092 1102 1134 1157 ita
1159 1102 1235 1159 enirn
1257 1098 1311 1159 καί
1356 1121 1359 1128 ·

233 1226 286 1287 per
313 1206 497 1286 hyperbaton
530 1207 762 1286 coniungendum
793 1216 867 1266 esset
895 1226 960 1264 cum
989 1206 1033 1287 τῷ
1061 1204 1104 1283 μὴ
1133 1202 1236 1265 ἰδόντι.
1279 1214 1310 1264 at

228 1332 300 1371 cum
323 1332 406 1393 pares
427 1314 508 1373 verbi
529 1322 692 1394 temporum
713 1314 823 1372 formae
848 1310 930 1392 (111ος,
955 1304 1045 1391 εἶπες)
1069 1308 1181 1369 diversa
1202 1311 1309 1387 signifi·

238 1420 353 1475 catione
382 1419 594 1496 intellegendae
622 1420 806 1478 offensionem
835 1416 1007 1497 praebeant,
1037 1414 1227 1494 praeferenda
1247 1435 1310 1476 esse

233 1520 351 1581 videtur
373 1533 545 1584 commutata
565 1526 650 1584 lectio
673 1521 766 1595 εἴποις
787 1545 846 1582 κεν.
876 1522 914 1581 de
933 1522 991 1580 alia
1009 1520 1167 1601 particulae
1184 1520 1238 1580 καί
1253 1530 1310 1581 tra-

233 1627 359 1687 iectione
380 1627 446 1688 vide
468 1628 506 1689 G.
523 1630 721 1688 Hermannum
742 1627 780 1688 ad
801 1627 911 1687 Mosch.
935 1631 982 1689 ΙΙΙ
1007 1632 1075 1688 120.
1117 1647 1193 1688 uuus
1213 1635 1311 1688 antem

231 1730 313 1792 locus
343 1753 376 1792 eo
401 1735 452 1793 est
472 1734 623 1817 notabilis,
647 1734 726 1816 quod
756 1734 810 1794 καί
829 1737 848 1792 1.
872 1755 897 1794 e.
922 1732 1025 1791 ‘etiam’
1049 1731 1235 1805 substantivo,
1262 1736 1309 1792 cui

232 1837 408 1916 praecedere
431 1839 565 1914 debebat,
588 1843 786 1921 postponitur,
807 1841 910 1899 ‘Nonni
927 1839 1050 1915 Dionys.
1068 1837 1171 1896 XLVI
1187 1844 1246 1899 340
1260 1851 1307 1917 sq.

695 1961 854 2044 ἕσαθρήσῃ
876 1959 909 2020 de*
931 1958 1098 2040 Κιθαιρὼν

385 2064 501 2148 μητέρα
523 2066 573 2125 καὶ
594 2066 672 2143 μετὰ
694 2067 790 2127 παῖδα
812 2060 994 2127 κυνοσπάδα.

229 2191 275 2247 sic
302 2193 378 2248 enim
399 2191 488 2251 verba
517 2201 584 2253 sunt
612 2192 807 2270 intellegenda
829 2191 996 2252 ‘Cithaeron
1022 2197 1127 2262 autem,
1150 2198 1183 2248 ut
1204 2190 1304 2264 filium,
1370 2172 1378 2191 “

231 2297 274 2354 ita
295 2298 382 2356 etiam
403 2307 523 2359 matrem
545 2299 702 2377 conspiciat
723 2317 740 2356 a
762 2297 881 2358 canibus
903 2294 1108 2356 dilaceratam‘.

318 2401 564 2479 Adgredientibus
586 2403 669 2463 nobis
692 2423 740 2462 eos
760 2406 901 2484 inspicere
922 2403 1015 2475 locos,
1039 2400 1145 2480 quibus
1166 2399 1220 2458 καί
1239 2419 1306 2460 cou-

231 2509 387 2566 iunctionis
415 2509 545 2587 fungitur
574 2511 666 2569 officio
695 2510 868 2589 singulaque
895 2510 1043 2569 enuntiata
1076 2507 1123 2565 vel
1150 2510 1308 2565 sententiae

230 2612 364 2672 membra
384 2615 460 2674 inter
481 2636 512 2675 se
533 2612 688 2694 copulandi
711 2614 800 2674 habet
824 2615 1004 2687 facultatem,
1034 2611 1193 2691 verendum
1215 2631 1308 2690 paene

230 2726 293 2791 est,
324 2737 362 2777 ne
390 2740 450 2778 non
478 2723 567 2780 simus
595 2740 701 2800 operae
721 2722 847 2800 pretium
867 2721 979 2778 facturi.
1017 2739 1084 2778 nam
1107 2720 1137 2775 iu
1159 2717 1306 2776 nonnullis

229 2842 333 2882 eorum
362 2845 438 2903 quae
468 2824 678 2905 disputabimus
705 2825 743 2884 ab
772 2845 807 2884 eo
829 2827 890 2886 viro
912 2823 1105 2896 dissentimus,
1129 2826 1179 2902 qui
1202 2825 1307 2881 eximia

234 2931 341 3006 ingenii
362 2933 424 2989 acie
436 2931 592 3011 ‘praeditus
613 2941 671 2990 tam
693 2939 826 2989 accurate
847 2941 877 2988 et
894 2928 1049 3007 diligenter
1071 2927 1107 2987 de
1128 2929 1183 2987 hac
1204 2930 1307 3008 copula

230 3038 352 3093 traiecta
374 3034 523 3111 disseruit,
553 3045 586 3096 ut
610 3039 711 3095 merito
733 3035 787 3095 tibi
809 3033 938 3107 diffidas,
968 3034 1019 3094 ubi
1041 3054 1059 3091 a
1080 3037 1222 3093 sententia
1244 3037 1306 3093 eius

231 3138 438 3200 discedendum
461 3162 522 3201 esse
544 3143 678 3220 opineris.
723 3139 774 3200 sed
799 3149 896 3198 utrum
917 3159 986 3199 vera
1006 3148 1057 3199 aut
1078 3139 1183 3197 similia
1204 3139 1304 3201 saltem

231 3247 294 3304 ueri
312 3249 370 3306 sint
385 3267 460 3326 quae
473 3247 613 3328 prolaturi
628 3266 734 3320 sumus,
750 3244 900 3306 doctorum
915 3247 1064 3305 hominum
1079 3253 1139 3303 esto
1161 3244 1306 3304 iudicium.

237 3354 380 3431 Hauptius
401 3354 489 3429 igitur
509 3354 541 3412 in
569 3351 816 3412 observationibus
838 3353 942 3410 criticis
964 3349 1055 3431 (nunc
1077 3354 1155 3429 opi
1178 3356 1235 3413 126
1249 3350 1308 3430 sq.)

232 3458 338 3534 longae
360 3457 561 3537 disputationis
586 3456 662 3516 hanc
682 3457 750 3516 facit
771 3477 928 3529 summam,
957 3465 990 3515 ut
1009 3457 1187 3535 antiquiores
1208 3465 1309 3536 poetas

229 3563 366 3643 copulam
398 3561 452 3622 καί
481 3582 630 3641 nunquam
665 3564 891 3642 transposuisse,
928 3563 1102 3620 recentiores
1139 3571 1235 3621 autem
1270 3562 1308 3621 ab

234 3667 500 3727 Alexandrinorum
527 3687 598 3726 aevo
628 3687 691 3726 eam
714 3669 797 3727 initio
820 3667 972 3726 detrahere
993 3654 1308 3746 nonnunquam'ausos

231 3792 298 3832 esse
327 3770 510 3832 statuendum
540 3775 584 3831 sit
628 3775 813 3852 reperiuntur
833 3771 911 3852 apud
933 3771 1091 3832 Pindarum
1112 3773 1222 3852 aliquot
1242 3773 1307 3843 loci,

230 3878 340 3958 quibus
357 3877 410 3937 καί
429 3881 505 3937 inter
525 3881 767 3957 praepositionem
790 3888 818 3937 et
839 3878 1048 3937 substantivum
1073 3878 1243 3937 collocatum
1264 3889 1308 3936 est

234 3992 268 4041 ut
296 3986 326 4041 in
348 3983 480 4062 exemplo
502 3981 587 4042 modo
609 3985 703 4056 citato,
730 4002 830 4042 verum
852 3982 959 4042 abillo
982 3980 1132 4055 differunt,
1157 3981 1236 4062 quod
1257 3980 1311 4040 καί

232 4091 292 4146 vim
315 4088 472 4168 particulae
493 4088 672 4167 copulativae
692 4087 800 4147 habere
821 4088 942 4149 videtur.
990 4090 1025 4146 ct'.
1051 4087 1097 4147 Ol.
1121 4092 1178 4150 VII
1202 4093 1239 4148 25
1264 4107 1309 4165 aq.

288 4196 380 4243 Boldt,
394 4197 486 4238 Dissert.
1139 4193 1153 4241 5
