3034 4675
645 332 857 397 „75-

214 481 332 577 possum
359 499 417 559 alia
445 500 536 560 multa
561 498 683 576 addere,
714 523 779 562 cum
804 502 990 579 pervulgatus
1017 505 1056 561 eit
1083 502 1162 579 apud
1183 511 1284 579 poetas

216 606 300 665 huius
319 608 384 665 aevi
413 604 463 665 ille
490 606 599 683 figurae
619 607 679 667 ἀπὸ
702 616 802 668 κοινοῦ
822 628 906 680 usus,
936 606 987 667 sed
1007 615 1119 681 metuo,
1140 628 1179 667 ne
1199 610 1285 668 nimis

216 711 303 789 longa
325 715 542 772 enumeratione
560 713 697 773 molestus
724 713 801 772 fiam.
845 716 969 790 inspice,
993 715 1017 773 ei
1038 713 1149 790 placet,
1178 712 1285 773 nubem

215 795 423 893 exemplorum,
440 838 526 893 quam
546 818 736 878 accumulavit
749 820 790 878 H.
805 820 951 895 Locwine,
963 818 1001 878 de
1020 818 1167 891 nonnullis
1187 818 1286 895 figuris

215 921 323 1002 quibus
344 931 421 998 poet.
444 925 509 987 Lat.
531 933 651 984 utuntur
668 945 697 1001 p.
721 934 750 998 7,
777 930 813 987 21
836 928 880 1006 eq.
925 928 955 985 in
976 934 1141 985 trameureu
1161 924 1287 984 breviter

216 1048 437 1088 commemorare
456 1030 550 1089 ‘liceat
575 1029 729 1089 nonnullos
756 1030 834 1090 loooe
863 1034 939 1090 inter
957 1039 1067 1091 ceteros
1092 1051 1126 1091 eo
1148 1031 1284 1103 eminere,

215 1132 297 1213 quod
318 1154 424 1194 nomen
445 1154 596 1195 commune
616 1135 674 1195 alio
688 1156 756 1195 casu
772 1135 809 1195 ad
823 1139 920 1222 priora
941 1137 1069 1197 membra
1091 1138 1128 1195 eit
1149 1134 1286 1211 supplen-

219 1239 304 1316 dum3
327 1239 442 1320 quade
462 1261 494 1301 re
515 1244 550 1301 cf.
576 1244 648 1302 Hor.
671 1243 754 1317 epist.
776 1244 793 1302 Ι
818 1249 843 1315 1,
867 1247 907 1305 48

344 1345 480 1409 ¹diaaere
502 1355 530 1408 et
551 1327 658 1409 audire
682 1357 710 1408 et
730 1347 851 1410 meliori
870 1348 992 1436 eredere
1014 1368 1076 1409 aea
1097 1347 1152 1422 uia,

217 1477 249 1529 et
269 1467 323 1528 Ov.
345 1476 412 1528 met
435 1472 495 1531 XII
521 1474 578 1529 154

334 1597 425 1637 auara
446 1575 540 1636 tulere
562 1596 660 1650 auam,
677 1598 760 1658 para
783 1586 827 1638 eat
848 1578 923 1640 data
944 1588 1042 1640 cetera
1064 1576 1182 1639 amasia.
1247 1617 1250 1626 ι

218 1697 258 1757 ad
279 1698 400 1776 figuram
422 1695 482 1756 ἀπὸ
504 1685 603 1756 ικοινοῦ
628 1699 774 1773 pertinent
800 1701 886 1758 etiam
915 1697 972 1758 duo
991 1698 1125 1774 exemplo
1137 1698 1290 1773 Propertii,

218 1822 296 1883 quae
323 1802 462 1879 peculiari
491 1801 611 1861 audacia
637 1811 707 1863 eunt
734 1804 889 1878 notabilia,
919 1804 996 1884 quod
1019 1801 1091 1863 illud
1113 1799 1211 1862 κοινόν
1231 1822 1291 1860 non

218 1909 314 1969 eolum
340 1909 470 1986 longiore
498 1907 648 1968 intervallo
675 1930 694 1968 e
720 1912 818 1985 priore
838 1919 921 1987 parte
941 1918 1113 1985 separatum,
1134 1907 1292 1968 sedetiam

221 2017 253 2075 iu
274 2016 453 2088 sententiam,
477 2034 551 2090 quae
572 2033 625 2090 per
645 2033 676 2073 se
696 2023 822 2088 constat,
845 2016 1050 2090 transpositum
1071 2022 1130 2085 eet,
1154 2016 1199 2074 ΙΠ
1223 2009 1289 2084 24¹³,

222 2127 262 2183 35
285 2141 329 2201 eq.
939 2125 941 2130 '

250 2268 253 2273 -
367 2237 400 2288 tu
421 2246 488 2288 mea
510 2245 672 2309 componet
694 2233 721 2286 et
741 2224 821 2287 diaeo
844 2228 934 2299 ‘orsu
957 2222 1115 2307 Properti,

367 2331 439 2395 liaeo
458 2343 512 2395 tua
532 2330 623 2406 eunt,

221 2447 253 2498 et
272 2443 318 2503 III
340 2435 407 2511 26¹³,
432 2440 470 2498 25
494 2457 537 2517 eq.

357 2565 430 2605 uam
451 2564 519 2605 mea
536 2526 609 2605 ‘eum
630 2540 748 2615 recitat,
771 2539 844 2602 diait
866 2558 897 2600 ee
921 2538 1018 2600 odisee
1042 2538 1154 2613 beatos,

419 2648 558 2710 earmina
579 2657 643 2709 tum
665 2655 766 2709 cauete
787 2645 872 2708 nullu
888 2642 995 2727 puella
1017 2640 1096 2707 colit.

224 2769 303 2831 haud
324 2768 463 2844 dissimili,
490 2787 665 2850 quemquam
686 2787 746 2826 non
770 2785 887 2843 proreue
908 2767 971 2841 pari
992 2763 1125 2824 libertate
1146 2762 1295 2822 distinctus

224 2889 269 2940 est
290 2877 387 2939 Ovidii
407 2878 487 2937 locus
508 2896 563 2937 em.
586 2879 631 2936 ΙΙΙ
654 2879 681 2946 3,
707 2879 724 2935 9

414 3014 539 3086 arputoa
560 2998 677 3072 lubuit,
699 2997 827 3060 radiant
847 3006 881 3058 ut
901 2997 986 3059 utus
1006 2994 1093 3058 ocelli
1096 3020 1108 3064 ,·

148 3117 165 3176 s
226 3129 358 3205 proxime
378 3134 475 3185 autem
489 3121 527 3182 ad
546 3118 763 3183 similitudinem
777 3114 887 3176 accedit
903 3115 1025 3175 alterum
1045 3112 1210 3188 exemplum
1228 3118 1296 3170 met.

225 3236 281 3297 XV
305 3236 365 3294 336
381 3246 424 3309 eq.

505 3346 680 3418 tempusque
702 3331 770 3408 fuit,
787 3347 847 3413 quo
869 3325 953 3390 navit
974 3325 1007 3387 ire
1028 3323 1131 3397 undis,

380 3461 461 3503 uuae
482 3439 561 3501 sedet
586 3436 719 3523 Ortypie,

228 3563 278 3624 ubi
299 3581 405 3623 nomen
428 3559 578 3639 ‘Ortygie’,
602 3558 757 3638 quodiam
780 3557 810 3614 in
830 3554 977 3615 enuntiato
999 3547 1167 3609 secundario
1189 3566 1299 3624 ponen-

171 3698 175 3707 «
229 3668 298 3728 dum
313 3673 384 3740 erat,
399 3668 430 3724 in
451 3665 542 3735 altera
557 3663 672 3725 demum
694 3665 823 3722 oratione
844 3659 981 3735 primarie
1001 3655 1165 3715 collocatur.
1199 3660 1301 3712 notatu

230 3775 350 3833 fortasse
370 3792 430 3831 non
452 3779 496 3830 eet
516 3769 675 3847 indignum,
700 3776 729 3827 et
742 3769 774 3827 in
793 3770 855 3842 ipsa
873 3764 1002 3823 oratione
1015 3758 1142 3837 pedestri
1156 3756 1301 3817 interdum
1347 3748 1350 3754 ²

229 3878 318 3938 verba
339 3897 392 3954 per
416 3877 537 3954 figuram
565 3874 625 3934 ἀπὸ
647 3881 747 3934 κοινοῦ
769 3871 907 3931 collocata
931 3887 1009 3939 esee,
1033 3873 1067 3924 ut
1087 3862 1166 3941 apud
1188 3864 1301 3923 Cicero·

229 4004 313 4057 nem,
343 3982 379 4043 de
401 3981 457 4059 leg.
488 4000 548 4059 agr.
572 3984 602 4043 II
632 3984 670 4040 30
703 3999 777 4061 aper
805 3996 899 4060 aeque
928 3973 985 4036 erit
1006 3991 1100 4055 neque
1120 3981 1217 4033 uerter
1238 3989 1301 4031 ease

231 4088 347 4153 dicetur
354 4116 364 4159 ,·
394 4089 429 4147 of.
452 4088 517 4152 Liu,
539 4093 589 4160 45,
615 4090 632 4146 3
663 4083 804 4146 Rhodiae
832 4100 926 4164 aeque
951 4076 1128 4141 utilitatium
1151 4071 1300 4139 Graeciae

231 4215 325 4279 aeque
347 4213 422 4256 eura
447 4193 657 4275 impensarum
673 4187 788 4274 populi
808 4184 946 4249 Romani
966 4182 1092 4245 misisse.
