3034 4675
646 257 882 321 -166-

233 430 325 489 oratio
346 428 433 487 valde
454 426 659 505 languesceret,
683 429 707 486 si
729 446 806 506 quae
826 429 995 509 interposita
1016 437 1084 487 sunt
1104 437 1190 508 poeta
1212 447 1305 504 gram-

234 535 355 593 maticae
376 534 455 611 leges
476 534 633 592 severiores
658 541 773 591 secutus
801 542 902 611 postea
927 530 1094 593 addidisset.
1137 536 1234 609 itaque
1254 533 1305 593 ubi

235 638 377 698 obiectum
406 641 508 719 prioris
536 638 617 699 verbi
645 639 806 715 longiorem
832 637 921 697 habet
952 638 1090 698 ambitum
1124 648 1152 698 et
1182 639 1306 698 alterum

232 744 393 804 membrum
416 745 615 824 interpositum
636 743 764 803 breviter
782 752 826 802 est
847 744 1063 816 conformatum,
1086 744 1208 803 multum
1228 744 1307 802 valet

236 849 385 909 collocatio
413 849 464 908 illa
491 848 542 909 διὰ
569 846 662 928 μίσοο
690 847 727 908 ad
757 850 894 907 orationis
914 851 1041 926 vigorem
1065 858 1093 907 et
1120 849 1307 908 alacritatem.

228 954 290 1012 'huc
311 954 358 1012 vel
377 956 502 1014 maxime
524 956 591 1013 facit
611 955 735 1014 Theocr.
758 933 901 1013 XXVIII
925 959 1009 1033 deq.

318 1070 398 1142 ὅπως
418 1072 470 1132 τὸν
492 1073 585 1144 ’ξεῖνον
607 1070 678 1152 ἐμὸν
698 1061 832 1154 τέρψομ’
858 1071 940 1147 ἰδὼν,
962 1071 1224 1153 κάντιιριλήσομαι,

318 1177 439 1253 Νικίαν,
461 1177 607 1259 Χαρίτων
632 1175 827 1260 ἱμεροφάνων
847 1174 925 1259 ίερον
946 1175 1052 1258 φατόν,

233 1297 284 1357 ubi
311 1316 417 1357 nomen
446 1299 593 1378 proprium
621 1300 729 1358 inserto
763 1297 813 1356 illo
842 1296 1093 1378 κάντιφιλήσομαι
1125 1316 1191 1356 cum
1218 1300 1247 1356 vi
1274 1300 1306 1356 in

234 1405 376 1482 principio
399 1421 497 1463 versus
520 1412 563 1463 est
591 1403 770 1464 collocatum.
813 1404 929 1461 omnino
951 1410 1047 1462 autem
1070 1402 1143 1461 haec
1162 1409 1306 1460 structura

233 1527 292 1567 non
314 1518 424 1568 remota
444 1517 490 1567 est
502 1528 520 1566 a
534 1510 659 1588 primum
678 1528 710 1569 se
732 1509 870 1568 offerente
890 1510 1002 1568 ratione
1020 1527 1055 1567 ac
1075 1508 1184 1567 fortuiti
1205 1505 1306 1566 subiti-

236 1632 294 1693 que
315 1616 454 1673 sermonis
472 1616 597 1693 speciem
619 1616 727 1695 optime
746 1615 843 1673 refert.
876 1612 914 1671 ad
931 1611 1006 1672 idem
1021 1632 1112 1690 genus
1127 1610 1308 1672 revocandus

234 1727 278 1777 est
299 1718 467 1779 Callimachi
488 1719 567 1779 locus
590 1718 627 1779 ab
649 1718 785 1779 Heckero
807 1718 966 1799 explicatus
988 1720 1043 1796 lrg.
1063 1726 1097 1780 17
1102 1727 1119 1780 5
1141 1717 1226 1779 Schn.

690 1843 743 1903 τὸν
766 1844 820 1903 οὐκ
842 1840 948 1922 ἔπλησε
970 1837 1101 1926 φέρουσα

414 1946 526 2030 μήτηρ,
550 1939 614 2009 οὐδ’
641 1941 738 2026 dldw',
763 1946 845 2009 ίννία
865 1957 972 2042 μῆναςΙ
986 1948 1108 2031 (ὅλους).

232 2092 267 2131 ac
288 2091 327 2130 ne
348 2073 493 2132 Homerus
515 2073 633 2153 quidem
660 2075 697 2135 ab
720 2076 775 2134 hac
801 2075 882 2134 verbi
902 2076 1020 2135 alterius
1041 2095 1095 2154 per
1114 2073 1239 2134 medium
1261 2076 1306 2132 in-

232 2176 344 2237 ferendi
366 2177 552 2238 collocatione
573 2178 729 2256 abstinuit3
753 2182 793 2239 ita
815 2182 891 2240 euim
913 2178 1108 2258 intellegenda
1129 2199 1192 2239 esse
1205 2178 1306 2238 viden·

233 2291 280 2343 tur
298 2281 389 2343 ¹verba
410 2256 465 2344 Od.
489 2288 561 2348 XVI
583 2291 601 2347 4
619 2305 662 2366 sq.

389 2400 567 2482 Τηλέμαχον
581 2402 613 2463 de*
635 2404 824 2488 περίσσαινον
845 2407 929 2477 κύνες
950 2404 1149 2487 ὑλακόμωροι,

387 2497 452 2567 ott'
477 2505 578 2583 ὕλαον,
601 2508 773 2591 προσιόντα.

233 2627 307 2687 dictu
341 2649 409 2687 τινα
441 2647 527 2687 sensu
559 2631 708 2689 transitivo
739 2629 821 2709 (nam
850 2629 905 2690 Od.
933 2631 998 2691 XX
1033 2639 1067 2693 15
1099 2633 1217 2690 omnino
1244 2651 1305 2689 mo·

232 2740 361 2793 mentum
392 2751 451 2792 non
479 2731 560 2813 facit)
588 2752 691 2810 graece
722 2756 782 2795 non
816 2734 928 2796 dicitur.
983 2740 1082 2817 itaque
1112 2728 1177 2796 οὐδ’
1212 2734 1305 2796 ὕλαον

232 2839 350 2898 traiecta
372 2857 434 2897 esse
455 2846 572 2909 statuas,
590 2838 733 2915 quomodo
755 2843 786 2900 in
808 2841 893 2900 simili
914 2845 1058 2901 sententia
1070 2842 1194 2902 Theocr.
1211 2843 1305 2901 XXV

234 2948 272 3005 ⁷²
296 2963 339 3023 η’
846 3030 899 3090 ιιι
921 3028 954 3092 οι
975 3030 1099 3112 γέροντι

398 3126 499 3215 άγριον
520 3132 689 3209 ἀσπάζοντο
710 3133 901 3218 περίσσαινόν
922 3131 965 3196 θ’
987 3131 1136 3218 ἑτέρωθεν

232 3250 427 3329 praedicatum
459 3251 627 3327 ἀσπάζοντο
649 3253 767 3314 alterius
795 3264 955 3315 structurae
978 3259 1139 3317 immixtum
1161 3266 1204 3315 est
1224 3255 1306 3337 (vide

232 3357 274 3416 ibi
294 3356 486 3438 Meinekium)
497 3357 533 3439 ¹).
578 3359 624 3418 his
653 3362 740 3438 igitur
768 3361 837 3420 locis
858 3364 1030 3437 comparatis
1050 3383 1119 3422 num
1141 3364 1215 3421 iusto
1236 3383 1303 3421 con·

319 3610 340 3675 1)
362 3608 404 3665 Ne
427 3621 515 3664 autem
537 3616 588 3677 eis,
611 3631 678 3679 quae
704 3618 793 3679 aliqua
817 3618 986 3667 similitudine
1004 3620 1154 3681 coniuncta,
1181 3625 1227 3671 scd
1250 3638 1303 3671 non

231 3703 309 3767 plane
328 3705 458 3765 comparia
476 3711 549 3767 sunt,
569 3712 716 3754 contextam
731 3708 875 3756 orationem
893 3709 1118 3771 interrumpamus,
1141 3710 1168 3758 in
1186 3713 1305 3774 margine

231 3792 319 3840 locum
336 3791 450 3840 habeant
466 3794 593 3842 nonnulla
610 3795 718 3843 Homeri
737 3797 866 3859 exempla,
887 3798 995 3859 quibus,
1023 3813 1091 3860 quae
1111 3814 1128 3846 a
1146 3800 1224 3848 verbo
1243 3815 1303 3849 sus-

230 3893 312 3942 pensa
330 3886 398 3944 sunt,
415 3894 468 3929 non
485 3882 518 3928 ad
537 3883 693 3944 proximum,
714 3886 760 3931 sed
778 3886 812 3932 ad
831 3887 956 3935 remotius
968 3888 1073 3936 verbum
1091 3891 1303 3938 accomodantur.

230 3969 319 4030 itaque
337 3968 369 4017 ci.
387 3966 436 4018 Od.
450 3969 477 4018 II
494 3970 544 4021 369
559 3985 597 4032 sq.
925 4041 966 4094 m

900 4060 933 4093 ου
986 4048 1014 4093 τί
1036 4057 1066 4094 σε
1080 4041 1134 4114 χρὴ

334 4118 442 4178 πόντον
459 4120 508 4177 ἐπ’
531 4122 684 4195 ἀτρύγετον
701 4124 771 4179 κακὰ
790 4122 912 4196 πάσχειν
932 4125 999 4183 οὐδ’
1019 4125 1186 4196 ἀλάλησθαι.
