3034 4675
220 489 344 549 quorum
371 468 524 529 verborum
552 470 719 549 perplexam
746 469 961 554 dispositionem
990 480 1068 531 recte
1096 471 1182 532 solvit
1209 473 1290 532 scho-

220 575 327 635 liastes.
371 574 492 655 impedit
513 576 631 655 quidem
653 577 707 636 hoc
733 576 818 636 modo
839 586 925 656 poeta
947 579 1083 637 orationis
1103 577 1288 652 intellectum,

220 680 306 742 simul
334 679 523 740 distrahendo
551 685 628 742 acuit
656 680 785 759 singulas
806 685 943 742 orationis
968 692 1063 763 partes
1084 686 1290 743 sententiarum

220 797 250 846 et
268 785 415 866 quoddam
436 787 587 846 artificium
607 789 782 867 appetivisse
799 786 922 861 videtur,
945 807 1011 847 cum
1031 787 1086 847 hoc
1107 788 1290 868 hyperbaton

221 890 462 972 equadripsrtito
477 891 527 950 illo
542 910 648 969 genere
662 895 708 966 sit,
724 895 805 951 cuius
824 892 972 952 luculenta
994 893 1125 973 exempla
1147 896 1178 953 in
1198 902 1289 952 trans-

219 999 360 1079 positione
382 998 531 1058 nominum
553 1006 582 1056 et
603 997 806 1058 attributorum
826 996 1069 1078 deprehendimus
1099 998 1178 1079 (vide
1203 1000 1289 1058 etiam

219 1101 348 1163 Scheerii
376 1105 643 1162 commentationem
674 1106 788 1183 saepius
815 1106 931 1163 citatam
960 1126 990 1185 p.
1015 1103 1057 1184 8).
1101 1106 1158 1163 iam
1180 1103 1290 1163 aditum

218 1216 319 1289 patere
345 1216 416 1288 puto
445 1207 482 1266 ad
508 1206 737 1287 perspiciendam
765 1211 902 1269 orationis
928 1211 1198 1282 conformationem,
1232 1229 1291 1288 qua

220 1313 393 1394 Apollonius
414 1311 546 1373 Rhodius
567 1322 611 1372 est
630 1332 699 1373 usus
722 1318 763 1376 IV
790 1322 869 1377 1445
891 1334 956 1394 sqq.

348 1449 445 1531 αὐτὰρ
467 1445 510 1530 ὅγ’
534 1448 627 1532 άμφω
644 1457 726 1531 χεῖρε
748 1447 829 1532 πίδῳ
850 1451 900 1510 καὶ
922 1451 1045 1532 στερνδν
1066 1449 1182 1532 ἐρείσας

348 1549 480 1636 ῥωγάδος
502 1553 534 1613 ἐκ
556 1552 665 1637 πίτρης
686 1554 752 1615 πίεν
773 1556 910 1632 ἄσπετον,
933 1554 1013 1637 ὄφρα
1033 1558 1169 1633 βαθεῖαν

320 1733 325 1744 ⁴
348 1660 447 1740 νηδύν,
471 1658 604 1741 φορβάδι
626 1654 688 1732 ἶσος
708 1659 922 1742 ἐπιπροπεσών,
947 1658 1102 1743 ἐκορέσθη.

219 1805 309 1865 verba
332 1805 381 1864 illa
410 1803 542 1886 φορβάδι
570 1799 632 1877 ἶσος
660 1803 867 1887 ἐπιπροπεσών
874 1851 882 1881 ,
911 1804 1008 1885 quoad
1034 1824 1165 1879 sensum,
1192 1802 1291 1864 sedem

219 1914 250 1970 in
273 1913 407 1991 primaria
428 1913 571 1969 sententia
592 1912 700 1971 habere
724 1911 878 1985 debebant,
902 1909 953 1970 sed
975 1914 1149 1992 transposita
1171 1919 1238 1970 sunt
1260 1914 1290 1970 in

220 2018 399 2075 enuntiatum
420 2015 630 2089 secundarium,
654 2037 749 2097 equo
772 2020 944 2094 cogitatione
967 2024 1036 2075 sunt
1057 2013 1193 2075 tollenda.

306 2141 415 2200 Verum
437 2144 499 2202 iure
519 2146 679 2223 meritoque
700 2144 748 2202 hic
768 2163 786 2202 a
807 2163 854 2203 me
875 2141 1042 2222 postulabis,
1058 2151 1091 2200 ut
1112 2143 1143 2200 in
1164 2144 1291 2201 carmina
1310 2133 1331 2204 J

221 2246 375 2305 Homerica
402 2249 561 2327 inquiram,
592 2268 662 2308 num
691 2250 748 2307 iam
777 2250 807 2308 in
834 2266 932 2307 eorum
953 2266 1086 2306 sermone
1107 2246 1207 2305 similis
1229 2265 1290 2305 ver-

220 2351 321 2412 borum
335 2356 552 2427 consecutionis,
567 2373 644 2434 quae
658 2363 785 2413 nostram
807 2375 921 2414 causam
942 2356 1066 2430 attingit,
1089 2351 1207 2412 libertas
1227 2373 1291 2413 sese

218 2460 328 2519 offerat.
359 2459 438 2539 quod
459 2467 556 2518 autem
577 2459 634 2519 hnc
651 2470 719 2540 apte
740 2459 901 2520 adducatur
921 2459 1095 2539 exemplum,
1118 2458 1155 2518 de
1176 2477 1211 2518 eo
1233 2457 1290 2518 dis-

220 2563 315 2624 'sident
335 2564 483 2624 hominum
505 2561 653 2624 doctorum
675 2567 834 2646 opiniones.
871 2568 901 2624 in
923 2565 958 2623 Il.
975 2565 1039 2624 XX
1061 2562 1130 2624 inde
1150 2585 1169 2623 a
1182 2584 1209 2625 v.
1228 2570 1288 2626 463

220 2669 291 2729 haec
312 2678 413 2729 extant

551 2746 559 2761 ὁ
622 2771 713 2851 ὃμὲν
734 2774 834 2846 ἀντίος
855 2773 951 2851 ἤλυθε
969 2771 1083 2854 γούνων

382 2873 413 2936 εί
428 2875 491 2948 πώς
513 2877 546 2936 εὑ
567 2877 722 2960 πεφίδοιτο
743 2878 846 2955 λαβὼν
867 2877 916 2937 καὶ
940 2876 1015 2952 ζωδν
1036 2874 1136 2958 ἀφείη.

220 3001 345 3062 Wolfins
376 3010 405 3060 et
428 3002 596 3082 Spitznerus
619 3003 802 3083 hyperbaton
823 3010 984 3061 statuerunt
1005 3004 1156 3080 iungentes
1177 3000 1290 3081 γούνων

220 3106 333 3185 λαβὼν,
356 3103 389 3166 εί
403 3104 467 3178 πώς
489 3107 522 3166 eri
543 3106 714 3189 πεφίδοιτο,
742 3116 775 3167 ut
799 3108 918 3168 verbum
946 3109 1096 3167 'enuntiato
1122 3104 1290 3166 secundario

221 3221 296 3271 esset
317 3204 463 3271 insertum.
508 3215 673 3293 saepissime
694 3211 812 3291 quidem
841 3215 871 3272 in
894 3212 1013 3271 Homeri
1041 3210 1214 3271 carminibus
1235 3211 1290 3270 for-

220 3316 298 3376 mula
324 3316 438 3397 γούνων
467 3314 570 3393 λαβών
598 3316 753 3377 adhibetur
782 3316 831 3398 (cf.
860 3318 896 3377 ΙΙ.
919 3323 933 3381 Ι
957 3322 1035 3390 407,
1064 3323 1142 3392 5003
1170 3316 1216 3375 VI
1238 3322 1288 3388 45,

220 3422 301 3481 XXI
324 3429 372 3494 71,
395 3420 450 3482 Od.
473 3422 505 3481 X
528 3423 615 3505 264),
636 3422 689 3485 sed
711 3425 815 3482 mirum
835 3421 1039 3501 aliquomodo
1062 3431 1114 3495 est,
1137 3420 1216 3501 quod
1235 3420 1289 3480 hoc

220 3547 278 3586 nno
300 3527 363 3585 loco
384 3527 449 3586 talis
471 3530 600 3587 traiectio
621 3531 774 3608 reperitur.
804 3525 909 3587 deinde
931 3526 1045 3587 obstare
1065 3526 1188 3601 videtur,
1211 3524 1290 3607 qued

220 3640 334 3712 tempus
354 3631 437 3691 verbi
459 3629 563 3710 λαβών
583 3633 621 3693 ad
642 3632 715 3693 illud
737 3632 836 3704 ἀντίος
857 3632 953 3710 ἤλυθε
975 3653 1034 3692 non
1054 3641 1132 3693 recte
1150 3631 1288 3712 quadrat3

219 3758 316 3816 genna
344 3739 421 3796 enim
448 3736 564 3798 demum
593 3739 743 3819 amplexus
768 3747 826 3811 est,
849 3746 1001 3817 postquam
1023 3739 1150 3796 accessit·
1190 3757 1290 3796 verum

220 3841 330 3917 dubito,
353 3863 423 3902 num
443 3843 524 3904 locus
545 3846 607 3904 sine
628 3846 795 3903 traiectione
816 3852 893 3902 recte
909 3843 1046 3922 explicari
1061 3844 1159 3923 pessit,
1178 3843 1203 3900 si
1226 3861 1289 3900 sua-

185 3925 194 3945 ⁶
220 3946 308 4008 dente
321 3947 474 4008 Eusthatio
491 3948 591 4019 ἀντίος
608 3949 722 4029 γούνων
740 3949 835 4027 ἤλυθε
859 3950 1058 4026 coniungimur
1078 3956 1166 4027 atque
1187 3943 1290 4025 λαβών

218 4054 257 4114 ad
287 4052 442 4136 πεφίδοιτο
477 4054 633 4113 referentes
668 4056 805 4113 vertimus
840 4053 973 4134 ‘supplex
998 4053 1121 4131 genibus
1150 4055 1211 4112 eius
1239 4051 1289 4111 ad-

220 4160 334 4220 volutus
362 4168 419 4233 est,
450 4170 483 4218 ut
511 4159 566 4219 sibi
594 4167 725 4240 parceret
750 4159 854 4238 capto’.
899 4159 955 4217 hoc
975 4156 1061 4218 modo
1083 4166 1197 4238 praeter
1217 4158 1291 4220 alios
