3034 4675
632 273 866 337 -107-

421 435 449 512 cl
469 442 524 513 τὰς
540 436 674 520 Ἀθήνας
692 444 776 525 φασί·
788 439 1027 520 θεοσεβεοτάτας

423 541 506 624 εἶναι,
528 545 624 625 μόνας
646 546 678 608 δὲ
699 550 752 609 uda
772 550 955 627 κακούμενον
976 546 1056 621 ξένον

422 648 525 736 σῴζειν
545 652 610 725 οἵας
631 675 663 715 τε
686 655 736 714 καὶ
758 653 854 733 μόνας
876 656 978 737 ἀρκεῖν
1000 652 1085 733 ἔχειν,

214 779 338 836 quorum
353 763 508 823 verborum
523 763 662 824 intricata
676 766 766 825 series
786 766 829 825 sic
842 765 1006 825 ordinanda
1021 751 1067 825 est
1082 759 1137 832 τὰς
1150 753 1285 840 Ἀθήνας

210 862 308 941 μόνας
337 862 402 935 οἵας
431 885 463 923 τε
493 861 569 942 ἔχειν
597 861 699 948 σῴζειν
728 866 778 926 καὶ
807 867 909 949 ἀρκεῖν
938 887 1039 950 φασιν.
1083 887 1175 944 neque
1198 871 1285 929 aliter

216 974 323 1047 passim
347 974 483 1034 dixerunt
503 982 607 1049 poetae
628 976 735 1035 Latini.
766 993 802 1035 ex
824 977 937 1053 quibus,
960 994 997 1037 ne
1017 977 1113 1036 omnia
1135 977 1283 1051 cumipse

213 1080 379 1153 puluisculo
403 1081 565 1141 corradere
581 1080 696 1153 ridear,
719 1079 867 1141 sufficiant
887 1083 975 1159 haec,
997 1082 1064 1144 Tib.
1083 1082 1160 1158 115,
1188 1081 1226 1141 19
1241 1100 1283 1155 sq.

322 1181 394 1245 baec
415 1181 497 1244 dedit
517 1181 638 1246 Aeaeae
660 1194 767 1257 satas,
788 1195 951 1267 postquam
970 1184 1020 1247 iile
1036 1192 1199 1267 parentem

453 1287 565 1351 dictur
587 1300 615 1350 ct
636 1298 744 1371 rapaton
766 1288 943 1352 sustinuisse
965 1290 1054 1369 lares,

211 1400 245 1454 et
264 1395 337 1456 Hor.
360 1403 414 1457 sat.
436 1397 451 1455 I
473 1399 501 1468 5,
522 1397 563 1456 49

342 1519 471 1582 maraque
493 1498 559 1577 pilo
580 1497 674 1581 lippia
695 1484 851 1561 ἱααηίοαπη
873 1509 901 1560 at
922 1485 1025 1561 ludere
1047 1499 1160 1579 crudis,

213 1604 265 1664 ubi
292 1607 389 1680 prima
416 1606 492 1667 facie
520 1608 717 1681 dispositionis
749 1608 825 1666 ratio
857 1608 971 1667 insueta
1002 1609 1094 1669 oculis
1128 1608 1283 1680 caliginem

212 1709 363 1771 offundere
384 1718 488 1789 potest,
503 1714 580 1787 quod
603 1709 723 1773 ‘ludere'
747 1715 790 1773 sio
805 1713 903 1773 verbis
925 1715 965 1773 ‘et
987 1708 1095 1773 crudis'
1116 1713 1284 1788 intervenit,

207 1818 297 1890 -quasi
317 1814 358 1877 ‘et
379 1819 488 1878 ludere'
513 1824 590 1878 essct
610 1818 815 1892 copulandum.
861 1817 913 1876 sed
935 1823 966 1876 et
985 1818 1061 1877 hanc
1083 1818 1283 1877 collocationis

213 1924 340 1997 speciem
362 1924 432 1984 licet
454 1923 492 1983 ad
514 1921 634 1997 figuram
650 1917 711 1978 ἀπὸ
729 1927 829 1979 κοινοῦ
850 1937 997 1993 rovocare,
1014 1940 1071 1983 non
1084 1923 1178 1983 minus
1200 1940 1285 1997 quam

213 2029 365 2088 consimile
386 2029 460 2089 illud
482 2028 599 2089 Horatii
621 2034 675 2087 sat.
698 2028 713 2087 Ι
737 2029 787 2104 10,
810 2028 850 2087 19

327 2130 372 2193 val
390 2113 516 2214 praeter
540 2126 668 2192 Caluum
689 2138 717 2191 et
738 2131 991 2192 doctus‘contore
1015 2129 1177 2193 Οοοπίἰαοο.

300 2239 365 2298 illis
387 2256 511 2313 quoqne·
523 2239 603 2314 locis,
627 2239 730 2313 quibus
752 2239 893 2312 bipartita
914 2239 1055 2297 orationis
1075 2239 1206 2299 membra
1227 2257 1284 2299 non

214 2350 326 2417 extant,
343 2347 486 2406 vocabula
500 2362 518 2404 a
531 2344 700 2419 praedicato
714 2361 854 2418 suspensa
867 2360 1074 2419 nonnunquam
1095 2345 1286 2405 audacissime

213 2451 292 2509 inter
321 2452 394 2510 alias
423 2451 631 2511 sententiarum
660 2455 759 2523 partes
781 2450 963 2510 traiciuntur.
1005 2451 1155 2524 complura
1176 2467 1284 2523 eorum,

213 2572 290 2628 quae
308 2556 348 2615 ad
369 2556 551 2631 propositum
573 2561 774 2630 argumentum
794 2556 969 2631 conducunt,
993 2572 1058 2614 cum
1076 2556 1285 2631 opportuniore

141 2722 144 2731 ,
213 2664 279 2722 loco
293 2640 382 2722 simus
397 2662 596 2737 disceptaturi,
619 2661 650 2721 in
671 2663 819 2735 praesenti
838 2662 963 2736 paucula
984 2667 1097 2720 tantum
1119 2661 1175 2719 hoc
1196 2677 1286 2734 genus

214 2763 287 2828 satis
315 2768 485 2828 habebimus
515 2766 655 2840 attigisse.
706 2768 736 2825 in
766 2766 922 2826 Simonidis
953 2769 1177 2840 epigrammate,
1207 2766 1285 2838 quod

215 2873 373 2949 quadrigae
406 2888 512 2935 aeneae
550 2852 722 2944 inscriptum
750 2877 829 2944 post
862 2871 1006 2944 duplicem
1037 2870 1073 2929 de
1106 2871 1225 2930 Boeotis
1248 2878 1287 2931 et

160 3028 165 3038 .
217 2978 457 3039 Chalcidensibus
487 2978 640 3037 victoriam
668 2976 821 3035 dedicatae
849 2975 886 3034 ab
911 2975 1061 3035 Herodoto
1082 2975 1109 3032 V
1133 2976 1171 3035 77
1202 2977 1286 3036 nobis

216 3084 361 3158 integrum
391 3090 537 3143 servatum
558 3077 610 3160 (cf.
633 3081 713 3141 anth.
736 3079 800 3140 Pal.
824 3080 968 3151 71343,
997 3079 1104 3155 Bergk.
1128 3086 1203 3153 poet.
1227 3081 1283 3154 lyr.

216 3183 278 3246 ΙΠ4
300 3206 329 3262 p.
352 3183 428 3266 477)
458 3189 594 3261 cuiusque
619 3184 812 3260 fragmentum
841 3186 965 3244 Athenis
993 3187 1023 3243 in
1049 3201 1116 3245 arce
1137 3191 1285 3259 repertum

216 3300 262 3352 est
284 3288 341 3370 (nr.
367 3293 429 3353 748
450 3287 590 3370 Kaibel.)‚
615 3311 641 3350 v.
663 3291 776 3350 illaec
797 3280 932 3365 leguntur

353 3400 414 3452 τῶν
432 3391 542 3465 ἵππους
563 3391 691 3472 δεκάτην
712 3389 855 3451 Παλλάδι
878 3385 974 3450 τάσδ’
996 3388 1149 3472 ἀνέθενῐ).

218 3502 308 3562 verba
336 3503 432 3577 aliquo
462 3504 548 3563 modo
576 3504 735 3563 insolenter
758 3507 825 3561 sunt
845 3500 959 3574 posita,
988 3516 1055 3559 nam
1077 3518 1141 3560 cum
1163 3502 1206 3560 ita
1228 3502 1287 3561 sint

201 3608 409 3668 construenda
445 3612 506 3664 τῶν
537 3602 667 3684 δεκάτην
695 3602 786 3664 τάσδε
817 3600 929 3672 ἵππους
955 3599 1098 3662 Παλλάδι
1126 3600 1284 3678 ἀνέθεσαν,

215 3720 304 3789 poeta
324 3712 488 3789 artificiose,
511 3729 584 3787 quae
607 3713 786 3774 conectenda
807 3716 884 3782 sunt,
907 3710 972 3769 aliis
994 3712 1135 3772 orationis
1148 3710 1285 3771 membris
1368 3750 1373 3757 -

214 3820 382 3893 immiscuit,
404 3821 447 3879 ita
468 3825 501 3878 ut
522 3819 682 3878 cavendnm
704 3819 752 3891 sit,
775 3834 812 3877 ne
827 3819 889 3872 τῶν
904 3810 1015 3884 ἵππους
1030 3817 1204 3876 coniunctim
1218 3830 1284 3891 per·

121 3923 125 3929 ’
215 3925 317 3999 cipias.
361 3931 514 4000 praeterea
534 3921 573 3984 cf.
595 3923 679 3985 Pind.
701 3924 803 3983 Isthm.
825 3922 882 3981 VII
906 3920 947 3981 70

304 4145 326 4211 ¹)
349 4143 449 4200 tussa
472 4148 575 4211 scripsit
591 4147 719 4211 Bergkius
740 4146 967 4196 Schneidewinnm
985 4155 1088 4195 secutus
1108 4159 1155 4208 pro
1173 4143 1285 4198 ἔθεσαν.
