3034 4675
114 2219 136 2238 ’ν
221 2214 326 2290 payait
361 2206 481 2269 πέπλων
514 2212 664 2286 genetivus
700 2218 848 2290 γυναικῶν
890 2213 986 2268 animo
1023 2211 1149 2290 suppleri
1185 2224 1289 2294 potest.

638 254 873 319 *128-

218 424 309 481 tivum
342 431 371 481 et
405 441 444 482 ne
476 425 649 501 cogitatione
681 422 798 503 quidem
830 426 862 484 in
891 427 1088 485 enuntiatione
1120 424 1292 485 secundaria

220 526 414 607 supplendum
432 537 484 591 est.
528 529 563 591 cf.
585 529 666 587 anth.
689 528 752 590 Pal.
776 528 824 587 XI
846 536 918 602 411,
951 537 962 590 l
988 550 1031 609 sq.

347 639 436 693 τοῦτο
457 632 555 713 πυρὰν
575 635 689 711 μᾶλλον
710 627 827 717 κλῄζειν
848 633 902 710 δεῖ,
925 635 980 695 κού
1000 637 1169 712 βαλανεῖον,

388 736 424 816 ἣν
446 734 527 798 ποθ’
549 736 565 797 ὃ
588 736 742 817 Πηλείδης
763 730 824 817 ἧψε
848 737 1047 822 Μενοιτιάδῃ.

221 841 272 902 sed
294 843 354 902 illic
373 844 509 902 orationis
532 851 674 903 sunctura
695 846 791 902 minus
814 854 857 903 est
879 842 1011 918 difficilis,
1037 845 1117 924 quod
1138 850 1293 924 negatione

220 949 390 1028 interposita
416 947 501 1006 facile
530 951 645 1022 sentias,
668 950 791 1008 alterum
820 948 1031 1010 substantivum
1057 970 1122 1010 cum
1151 951 1292 1030 particula

219 1051 273 1112 καί
297 1056 483 1113 coniunctum
512 1072 565 1133 per
592 1053 778 1133 parenthesin
808 1056 890 1132 quasi
923 1074 985 1113 esse
1013 1054 1171 1124 inductum.
1216 1075 1293 1136 quae

221 1156 338 1237 quidem
356 1160 429 1217 ratio
449 1178 508 1217 non
526 1158 603 1217 valet
618 1161 650 1217 in
664 1159 812 1239 Lycophr.
829 1180 874 1217 vv.
888 1164 950 1222 253
966 1177 1040 1238 sqq.,
1064 1159 1115 1221 ubi
1131 1160 1293 1222 Cassandra

221 1262 258 1323 de
280 1264 388 1322 Troiae
408 1266 621 1343 expugnatione
642 1264 713 1323 haec
734 1266 906 1323 vaticinatur

831 1367 944 1448 οἰμωγὴ
966 1365 1002 1427 δέ
1020 1390 1071 1446 μοι

415 1471 446 1533 ἓν
469 1473 523 1534 ὠσὶ
545 1475 666 1555 πύργων
688 1471 717 1545 ἐξ
739 1472 839 1555 ἄκρων
862 1472 1040 1549 ἰνδάλλεται,

414 1578 488 1658 πρὸς
509 1576 634 1660 αἰθέρος
655 1587 787 1660 κυροῦσα
810 1576 952 1658 νηνέμους
976 1577 1072 1661 ἕδρας,

413 1679 474 1763 γόῳ
495 1689 643 1762 γυναικῶν
664 1682 715 1742 καὶ
737 1690 941 1766 καταρραγαΐς
962 1680 1091 1759 πέπλων,

413 1788 505 1866 ἄλλην
527 1782 579 1846 ἐπ’
602 1787 678 1870 ἄλλῃ
698 1788 858 1870 συμφορὰν
880 1785 1072 1868 δεδεγμένων.

218 1896 402 1978 perticipium
413 1889 604 1971 δεδεγμένων,
625 1892 705 1971 quod
727 1896 868 1953 enuntiati
883 1894 996 1953 relativi
1017 1895 1147 1972 fungitur
1162 1916 1290 1971 munere,

218 2000 333 2078 respicit
361 1998 452 2058 solam
479 2017 578 2057 vocem
606 2005 764 2078 γυναικῶν.
814 2000 1007 2060 insolentioris
1041 2009 1138 2059 autem
1171 2004 1291 2062 colloca·

218 2106 304 2162 tionis
332 2103 401 2162 inde
430 2111 511 2184 petas
540 2107 762 2178 excusationem,
792 2103 871 2184 quod
901 2107 985 2164 etiam
1007 2104 1045 2163 ad
1066 2105 1155 2165 verha
1175 2129 1291 2190 καταρ-

181 2303 189 2316 “
219 2316 384 2394 perinsigne
407 2312 514 2374 deinde
542 2333 576 2374 ao
605 2315 751 2393 singulare
781 2324 825 2374 est
845 2315 1029 2395 hyperbaton
1048 2320 1225 2396 pronominis
1246 2339 1291 2378 re·

219 2421 299 2479 lativi
322 2423 352 2477 in
376 2423 582 2500 epigrammate
602 2422 752 2480 Pancratis
774 2421 854 2479 anth.
877 2420 939 2484 Pal.
961 2422 1006 2481 VI
1033 2429 1089 2484 117

304 2523 336 2584 ἐκ
356 2524 450 2604 πυρὸς
470 2524 486 2585 δ
510 2520 635 2607 ῥαιστὴρ
656 2525 706 2585 καὶ
728 2524 744 2584 δ
767 2525 906 2607 καρκίνος
926 2525 945 2605 ἥ
966 2547 999 2585 τε
1019 2525 1156 2608 πυρόμρη

347 2625 484 2711 Zt'ynetrtt'
510 2627 678 2712 Ἡφαίστῳ,
701 2630 785 2712 δῶρα
808 2628 1030 2718 Πολυκράτεος,

305 2722 329 2818 ᾧ
351 2735 462 2796 πυκνὸν
484 2733 613 2818 κροτὲων
634 2732 709 2817 ὑπέρ
731 2736 860 2813 ἄκμονος
881 2734 983 2816 εὕρετο
1004 2736 1108 2795 παισὶν

347 2840 446 2919 ὄλβον,
469 2840 588 2923 ὀϊζυρὴν
610 2835 764 2919 ὠσάμενος
787 2840 896 2920 πενίην.

218 2967 379 3026 pronomen
407 2934 432 3030 ᾧ
460 2946 498 3006 ad
531 2949 656 3027 primum
684 2948 896 3007 substantivum
927 2951 1053 3027 pertinet
1084 2946 1195 3006 duobus
1226 2948 1291 3008 aliis

124 3046 127 3052 ’
219 3054 411 3132 interpositis3
443 3052 555 3113 ‘malleo
578 3055 656 3112 enim
672 3053 846 3131 'Polycrates
871 3053 1039 3131 frequenter
1059 3053 1177 3132 pulsans
1203 3072 1292 3133 super

218 3156 352 3216 incudem
374 3157 471 3217 liberis
494 3161 553 3217 suis
574 3160 685 3217 invenit
706 3158 785 3238 opes'
796 3157 832 3239 ¹).

307 3327 328 3391 1)
348 3328 466 3389 Quidue
484 3329 542 3377 loco
562 3329 712 3378 Catulliano
731 3330 772 3390 68,
792 3329 824 3378 68
835 3342 882 3388 sq„
901 3327 1057 3376 difficillimo
1074 3327 1122 3376 illo
1137 3334 1164 3376 et
1180 3329 1291 3377 fortasse

220 3418 361 3478 depravato
380 3413 502 3481 iudicem,
521 3432 618 3481 anceps
636 3418 742 3467 haereo.
778 3416 806 3464 in
824 3417 948 3464 librorum
969 3423 1055 3465 antem
1074 3417 1202 3479 scriptura

425 3508 492 3568 inquo
510 3508 605 3556 οἴοναανκ
622 3507 689 3554 nobis
710 3508 777 3568 isque
794 3507 859 3555 dedit
877 3506 1006 3567 dominam,

421 3596 455 3641 ad
471 3610 544 3658 quasa
561 3609 696 3644 commanet
712 3609 871 3645 exueremus
887 3609 988 3652 ανκονω,

219 3696 273 3729 non
297 3682 409 3730 offendit
433 3684 569 3731 verborum
593 3682 738 3732 collocatio.
774 3697 835 3731 nam
859 3684 1021 3731 enuntiatum
1039 3682 1174 3731 relativum
1198 3684 1231 3730 ad
1250 3694 1290 3729 re·

219 3771 315 3820 metius
332 3784 427 3823 nomen
447 3771 569 3819 'domum'
587 3771 706 3834 relatum,
730 3772 801 3832 quod
821 3772 899 3819 verba
917 3771 1074 3820 ‘communes
1094 3767 1202 3818 amores’
1219 3769 1290 3817 haud

219 3860 296 3909 dubie
314 3861 433 3923 suadent,
451 3868 511 3921 post
528 3859 648 3925 exempla
666 3858 748 3908 allata
766 3859 935 3908 excusatione
954 3873 1007 3908 non
1026 3859 1137 3922 indigen
1159 3860 1191 3910 cf.
1208 3859 1290 3907 etiam

218 3948 351 3997 Leonidae
369 3947 504 4015 Tarentini
522 3949 587 3997 illud
607 3949 662 3998 VH
680 3947 737 4008 302,
748 3934 772 3997 ’ἴ
791 3962 830 4009 sq.

372 4031 502 4088 σπεύδων
525 4037 564 4095 εἰς
582 4029 683 4094 ἄλλους
700 4039 796 4093 οἴκους
814 4038 870 4086 ἴθι·
887 4029 964 4105 τάμὰ
985 4035 1016 4088 δὲ
1037 4028 1115 4087 λιτὰ·

406 4109 444 4177 ὧν
464 4120 521 4177 ἀπὸ
539 4126 702 4194 πλειοτέρην
720 4127 810 4176 οἴσεαι
827 4119 972 4195 ἁρμαλίηυ,
