3034 4675
1305 227 1729 291 -48-

866 399 1142 463 Albanos
1175 419 1379 483 prope
1421 410 1476 461 te
1519 398 1689 461 lacus

858 514 1052 588 ponet
1094 525 1511 575 marmoream
1556 504 1666 566 sub
1711 503 1885 566 trabe
1930 502 2136 569 citrea.

451 614 648 694 aliquo
692 613 862 673 modo
908 613 1177 672 audacius
1222 623 1309 673 est
1350 614 1590 691 Vergilii
1632 612 1778 672 illud
1820 614 1968 677 Aen.
2013 617 2075 675 Π
2122 614 2243 672 278

666 737 1030 821 vulneraque
1086 736 1186 799 ille
1237 756 1471 818 yerens,
1537 757 1689 820 quae
1751 735 1982 797 circum
2041 734 2317 818 plurima
2380 753 2592 795 muros

667 842 897 924 accepit
934 841 1198 925 patrios.
1794 917 1802 926 ·
2483 838 2486 842 ’

450 965 798 1023 artissimum
842 971 1034 1021 autem
1066 981 1196 1021 cum
1224 961 1511 1041 Propertii
1546 960 1673 1021 loco
1701 935 2058 1039 cognationis
2084 960 2379 1021 vinculum
2421 962 2597 1021 inter·
2679 960 2684 967 ’

452 1068 604 1128 cedit
644 1069 978 1150 panegyrici
1023 1069 1084 1126 in
1125 1067 1437 1126 Messalam
1479 1067 1741 1127 versibus
1789 1071 1906 1129 184
1949 1086 2035 1146 sq.

785 1192 884 1253 cui
923 1188 1172 1271 fuerant
1211 1188 1362 1268 flavi
1403 1190 1664 1253 ditantes
1706 1190 1916 1252 ordine
1961 1189 2114 1252 sulci

786 1296 1010 1358 horrea
1048 1292 1348 1371 fecundas
1392 1296 1478 1358 ad
1519 1294 1861 1377 deficientia
1895 1315 2135 1373 messes,
2172 1353 2176 1356 .

457 1417 558 1477 ubi
623 1416 963 1497 perplexum
1029 1416 1333 1477 verborum
1397 1417 1631 1475 schema
1686 1418 1767 1474 ita
1828 1413 2165 1474 solvendum
2224 1423 2312 1475 est
2370 1415 2600 1475 ‘horrea

460 1522 785 1582 deficientia
837 1521 913 1581 ad
972 1520 1247 1581 fecundas
1300 1522 1555 1582 messes'.
1631 1539 1823 1601 neque
1877 1519 2045 1608 aliter
2096 1519 2470 1600 explicaveris
2521 1538 2598 1579 ex

454 1626 659 1688 eodem
701 1630 954 1687 carmine
995 1648 1050 1691 v.
1105 1635 1220 1690 114
1259 1649 1347 1708 sq.

667 1750 798 1833 ipse
843 1760 1042 1813 tamen
1085 1749 1259 1812 velox
1302 1749 1553 1812 celerem
1596 1769 1781 1832 super
1824 1750 1997 1811 edere
2041 1770 2264 1832 corpus

663 1857 888 1938 qaudet
928 1876 1168 1938 equum,

457 1975 730 2071 etsProp.
779 1981 863 2039 IV
910 1983 966 2049 4,
1020 1981 1091 2037 18

789 2112 844 2164 et
886 2101 1094 2164 subter
1137 2112 1350 2185 captos
1390 2124 1573 2164 arma
1616 2103 1820 2164 sedere
1865 2102 2065 2164 duces·

457 2227 696 2285 fortasse
753 2226 844 2285 his
903 2226 1181 2306 exemplis
1244 2223 1466 2304 aliquid
1524 2224 1944 2304 probabilitatis
2009 2223 2243 2284 additur
2298 2224 2602 2304 Schipperi

460 2334 719 2412 opinioni
780 2330 1041 2414 (specim.
1090 2331 1241 2392 liter.
1303 2329 1586 2391 exhibens
1644 2330 1868 2392 observ.
1928 2333 2051 2392 crit.
2112 2332 2173 2390 in
2229 2330 2406 2411 Prop.
2452 2330 2602 2392 Gro-

457 2440 668 2514 ningae
721 2442 878 2500 1880
924 2460 983 2518 p.
1034 2436 1168 2519 83),·
1208 2440 1309 2518 qui
1346 2436 1628 2498 librorum
1670 2439 2010 2516 scripturam
2051 2437 2226 2516 Prop.
2275 2443 2328 2501 V
2378 2443 2473 2509 11,
2518 2443 2603 2498 20

458 2552 650 2603 tuetur

880 2649 945 2712 in
988 2670 1124 2710 mea
1168 2649 1386 2713 sortita
1427 2649 1686 2713 vindicet
1729 2669 1868 2710 ossa
1904 2648 2063 2732 pila,

459 2795 578 2834 non
635 2792 772 2833 vero
835 2771 932 2832 ‘in‘
992 2770 1065 2829 ad
1127 2778 1272 2832 ‘mea
1315 2774 1459 2832 ossa’
1513 2774 1690 2833 refert
1704 2818 1718 2847 ‚
1780 2772 1937 2852 quod
1985 2772 2295 2833 ‘vindicare
2347 2775 2409 2832 in
2452 2773 2603 2832 ossa*

459 2877 739 2959 puniendi
782 2879 1018 2937 notione
1058 2897 1166 2936 nec
1208 2870 1344 2937 huic
1399 2878 1528 2939 loco
1571 2899 1679 2938 nec
1723 2878 2026 2939 Corneliae
2068 2881 2430 2939 innocentiae
2471 2898 2604 2937 con-

445 2987 619 3068 ·venit
635 3029 649 3055 ‚
710 2982 813 3043 sed
857 2985 938 3042 ‘in
981 2986 1182 3043 sortita
1224 2983 1360 3064 pila'
1423 2987 1738 3062 coniungit.
1829 2987 2058 3062 egregie
2102 2984 2216 3044 huc
2256 2985 2393 3043 facit
2430 2985 2605 3042 etiam

462 3089 655 3150 Ovidii
693 3109 890 3148 versus
931 3109 1108 3151 amor.
1153 3095 1183 3152 I
1230 3097 1285 3162 6,
1342 3095 1419 3152 68

795 3216 958 3278 dura
999 3235 1188 3299 super
1232 3225 1359 3278 tota
1402 3215 1618 3277 limina
1660 3225 1829 3278 nocte
1874 3216 2019 3279 iace.

459 3359 538 3397 an
598 3349 766 3419 putas
808 3341 1070 3420 protinus
1086 3383 1100 3412 ,
1170 3341 1271 3418 qui
1328 3339 1476 3399 forte
1528 3341 1766 3418 Vergilii
1831 3340 2137 3401 verborum
2195 3360 2382 3423 super
2438 3347 2615 3401 nocte

463 3444 666 3507 media
711 3444 887 3526 (Aen.
932 3449 1020 3508 IX
1066 3442 1174 3525 61)
1214 3446 1542 3503 meminerit
1559 3489 1574 3517 ‚
1634 3446 2059 3506 intellecturum
2101 3465 2233 3505 eum
2277 3463 2402 3504 esse
2442 3462 2606 3524 prae-

460 3551 804 3629 positionem
871 3571 992 3609 non
1059 3548 1136 3608 ad
1204 3556 1342 3608 ‘tota
1399 3552 1583 3608 nocte’
1653 3555 1971 3631 pertinere,
2045 3551 2148 3611 sed
2202 3549 2275 3609 ad
2333 3551 2615 3609 remotius

463 3674 676 3714 nomen
721 3655 955 3714 ‘limina’
990 3673 1115 3713 esse
1157 3653 1518 3714 referendam
1534 3655 1565 3714 Ρ
1620 3675 1736 3734 qua
1779 3656 1852 3716 de
1894 3677 1957 3717 re
1999 3655 2235 3716 consule
2263 3655 2608 3733 Diltheyum

464 3763 527 3818 in
584 3761 773 3819 indice
829 3759 1138 3819 lectionum
1193 3760 1454 3838 Gotting.
1518 3759 1781 3826 1884l85
1842 3783 1898 3842 p.
1952 3772 2020 3838 73
2095 3764 2197 3842 qui
2253 3770 2313 3820 et
2361 3760 2613 3820 alterum

464 3863 659 3926 Ovidii
718 3865 905 3925 locum
922 3911 936 3939 ‚
1012 3885 1048 3923 a
1106 3865 1392 3946 prioribus
1452 3868 1577 3925 sine
1633 3869 1957 3947 suspicione
2016 3867 2344 3940 dimissum,
2405 3866 2607 3925 eadem

462 3974 816 4029 traiectionis
858 3973 1044 4049 figura
1094 3972 1212 4032 leni
1271 3990 1446 4031 manu
1489 3975 1737 4047 sanavit,
1798 3993 1927 4032 cum
1970 3973 2093 4035 her.
2140 3976 2313 4035 XVII
2367 3979 2476 4035 191
2530 3973 2619 4030 ita

464 4097 529 4137 eo
537 4093 713 4137 nexit
