3034 4675
1298 290 1725 347 -51-

445 456 698 514 carmina
739 456 1050 515 Homerica
1093 463 1219 514 orta
1265 464 1416 528 sunt,
1463 456 1917 532 praepositiones
1959 456 2140 532 magis
2182 452 2586 515 adverbiorum

446 559 634 619 adhuc
675 568 942 620 naturam
982 579 1124 640 prae
1169 579 1232 620 se
1269 559 1564 635 ferebant,
1631 580 1699 619 ea
1741 563 1895 620 enim
1935 562 2374 638 praepositionis
2415 560 2585 622 collo·

445 668 609 739 catio,
657 686 807 746 quae
834 667 1032 726 tmesis
1060 665 1403 745 appellatur,
1447 668 1702 742 genuina
1732 675 1836 734 est,
1893 665 2027 725 vide
2056 667 2128 724 T.
2161 666 2585 726 Mommsenum

442 769 481 829 l.
513 790 562 830 c.
594 792 653 851 p.
694 777 789 836 18.
855 769 1010 851 apud
1053 772 1476 850 insequentium
1519 779 1714 829 autem
1755 780 2077 853 temporum
2119 778 2319 851 poetas
2360 774 2587 851 poetica

445 894 584 935 sane
646 876 831 954 figura
885 878 946 935 in
1005 876 1113 934 hac
1167 877 1504 935 traiectione
1561 885 1648 935 est
1703 875 2131 954 cognoscenda,
2205 895 2396 955 neque
2460 879 2586 935 sine

446 982 683 1041 consilio
745 990 804 1040 et
859 988 983 1040 arte
1040 989 1140 1064 aut
1196 966 1363 1040 metri
1406 984 1747 1041 necessitate
1790 982 1914 1042 sola
1956 984 2135 1041 coacti
2180 1001 2305 1040 eam
2346 981 2587 1041 admise-

445 1096 597 1146 runt.
671 1106 846 1167 saepe
900 1084 1134 1145 difficile
1190 1094 1278 1146 est
1334 1086 1666 1160 diiudicatu,
1722 1094 1914 1145 utrum
1969 1089 2179 1146 tmesin
2226 1107 2305 1146 an
2345 1107 2586 1169 praepo<

445 1194 668 1251 sitionis
728 1211 766 1250 a
831 1211 968 1250 casu
1029 1193 1446 1255 seiunctionem
1511 1192 1850 1269 intellegere
1910 1190 2252 1267 debeamus;
2325 1214 2442 1274 qua
2512 1193 2587 1253 de

445 1317 617 1357 causa
657 1317 777 1357 non
806 1299 999 1376 parvis
1030 1296 1469 1356 difficultatibus
1511 1295 1791 1377 impedita
1827 1306 1914 1356 est
1955 1301 2231 1375 quaestio,
2263 1319 2437 1379 quam
2469 1300 2586 1359 late

447 1411 643 1482 pateat
684 1402 857 1461 huius
899 1402 1120 1479 figurae
1162 1422 1300 1461 usus
1358 1411 1417 1461 et
1457 1422 1741 1481 quosnam
1791 1402 1934 1462 fines
1975 1404 2188 1481 singuli
2228 1412 2434 1483 poetae
2478 1404 2587 1465 sibi

448 1510 843 1589 imposuerint.
897 1505 972 1564 de
1001 1509 1390 1586 antiquiorum
1412 1516 1714 1588 poetarum
1737 1507 2090 1570 Graecorum
2118 1512 2301 1583 tmesi,
2327 1530 2587 1589 praeser-

445 1618 549 1673 tim
589 1616 943 1672 scenicorum
988 1620 1046 1669 et
1071 1611 1400 1690 lyricorum,
1456 1615 1879 1673 accuratissime
1925 1616 2042 1691 egit
2067 1614 2311 1675 Pierson
2339 1618 2402 1674 in
2427 1616 2583 1675 Mus,

444 1719 632 1777 Rhen.
656 1718 752 1778 XI
775 1740 832 1798 p.
862 1724 940 1780 90
965 1738 1114 1797 sqq„
1142 1724 1262 1779 260
1287 1738 1436 1797 sqq„
1471 1725 1590 1781 379
1614 1711 1764 1798 sqq,
1788 1721 1890 1798 qui
1918 1719 2160 1796 singulis
2186 1720 2326 1779 locis
2354 1740 2584 1780 causam

447 1833 505 1883 et
548 1823 810 1882 effectum
853 1824 1223 1882 seiunctionis
1263 1822 1523 1903 quidque
1563 1826 1714 1884 inter
1754 1832 1955 1903 poetas
1998 1834 2055 1883 et
2081 1828 2241 1884 varia
2272 1828 2463 1905 poesis
2489 1846 2586 1904 ge-

446 1949 587 1989 nera
614 1927 1010 2001 intercederet,
1044 1936 1162 1987 tam
1191 1927 1478 1988 subtiliter
1505 1928 1817 2007 indagavit,
1864 1937 1929 1987 ut
1954 1930 2123 1989 nobis
2142 1906 2150 1914 ’
2166 1933 2346 1990 otium
2374 1932 2588 1995 fecerit.

446 2055 626 2115 quare
666 2052 851 2113 pauca
889 2042 1115 2092 tantum
1159 2034 1216 2091 in
1260 2035 1596 2093 universum
1639 2033 1934 2115 disputare
1976 2035 2236 2094 sufficiat.
2314 2057 2587 2114 magnum

448 2141 843 2221 exemplorum
885 2157 1188 2198 numerum
1229 2137 1461 2215 collegit
1514 2141 1688 2198 etiam
1729 2140 2070 2217 Kruegerus
2122 2145 2184 2204 II
2230 2145 2328 2213 68,
2377 2148 2475 2214 48,
2526 2150 2585 2203 4.

619 2269 775 2328 Ante
817 2265 1010 2323 omnia
1050 2264 1216 2322 tmesi
1259 2264 1417 2320 notio
1461 2266 1917 2344 praepositionis,
1978 2285 2127 2352 quae
2167 2268 2230 2325 in
2272 2270 2587 2348 composito

447 2374 626 2433 multo
671 2380 758 2432 est
801 2370 1098 2430 deminuta
1112 2413 1128 2443 ,
1180 2370 1481 2449 pristinam
1523 2372 1644 2429 fere
1686 2374 1802 2430 vim
1846 2370 2210 2452 redipiscitur
2250 2381 2427 2452 atque
2468 2393 2584 2433 em-

447 2480 656 2560 phasin
719 2475 1012 2557 quandam
1075 2477 1463 2554 consequitur.
1550 2473 1761 2535 deinde
1820 2479 1996 2536 totius
2067 2479 2341 2536 orationis
2408 2478 2587 2539 colori

448 2603 553 2663 per
609 2585 818 2643 tmesin
874 2581 1160 2658 elegantia
1217 2588 1276 2641 et
1331 2589 1520 2640 motus
1574 2579 1809 2641 additur
1849 2586 2158 2664 variaeque
2210 2585 2390 2642 animi
2433 2588 2584 2662 cogi-

444 2691 690 2748 tationes
747 2687 1152 2745 consecutione
1191 2703 1426 2766 quoque
1470 2685 1773 2746 verborum
1814 2707 1950 2747 vere
1988 2689 2355 2766 effinguntur.
2442 2711 2584 2750 non-

446 2793 741 2872 nunquam
804 2792 977 2850 etiam
1033 2790 1156 2851 sola
1211 2794 1380 2850 metri
1421 2794 1568 2851 ratio
1611 2792 1742 2852 talis
1790 2792 2186 2854 disiunctionis
2228 2798 2581 2857 occasionem

446 2898 620 2958 dedit.
693 2900 776 2957 sic
818 2899 879 2956 in
921 2896 1192 2975 Sapphus
1233 2897 1341 2973 frg.
1388 2903 1463 2957 52
1508 2897 1724 2975 Bergk.

947 3052 1154 3115 δέδυκε
1195 3051 1308 3132 μὲν
1351 3053 1391 3112 ἁ
1433 3052 1653 3114 σελάνα

950 3160 1048 3219 καὶ
1093 3157 1421 3237 Πληιάδες,
1465 3156 1644 3236 μέσαι
1690 3157 1756 3219 δὲ

948 3264 1170 3340 νύκτες,
1214 3263 1380 3345 παρὰ
1422 3260 1478 3323 δ’
1523 3261 1713 3347 ἔρῃ-Β
1758 3261 1906 3346 ὥρα,

949 3369 1061 3451 ἐγὼ
1105 3367 1172 3429 δὲ
1211 3367 1370 3447 μόνα
1415 3369 1702 3430 καθεύδω

445 3513 638 3569 tmesis
713 3531 838 3569 eam
910 3510 985 3570 ob
1057 3530 1288 3569 causam
1345 3518 1433 3568 est
1484 3507 1776 3581 adhibita,
1851 3518 1916 3567 ut
1973 3507 2205 3569 diducto
2269 3512 2581 3588 composito

443 3613 817 3697 παρέρχομαι
874 3615 1065 3675 tarda·
1099 3617 1283 3675 noctis
1339 3617 1670 3694 praeteritio
1724 3615 1916 3673 verbis
1966 3617 2133 3693 quasi
2189 3614 2359 3673 lentis
2416 3614 2582 3693 παρὰ

443 3711 500 3780 δ’
553 3717 789 3803 ἕρχὲται
834 3718 964 3804 ὥρα
1006 3723 1356 3800 pingeretur.
1439 3719 1544 3778 sed
1588 3721 1758 3778 etiam
1800 3720 2093 3778 festinanti
2134 3720 2408 3797 ὠμὴ-ην(
2456 3741 2576 3777 trum

443 3846 568 3886 esse
613 3826 1196 3886 accomodatissimam
1239 3832 1482 3906 apparet
1536 3827 1599 3883 in
1655 3824 1825 3890 Pind.
1871 3823 1963 3885 Ol.
2008 3825 2171 3883 XIII
2216 3833 2292 3885 5³2
2368 3825 2476 3881 (ἐμὶν.
2524 3821 2576 3878 W

445 3929 649 3992 {haze
692 3933 868 4015 ὀρθῷ
919 3929 1065 3991 ποδί
1075 3955 1096 4006 ,-
1164 3929 1452 4010 quomodo
1519 3931 1675 3989 enim
1734 3931 1895 4007 virgo
1960 3930 2220 3989 celeriter
2284 3949 2312 3985 (ὶ-
2380 3953 2580 3985 smmum

445 4040 744 4112 excitatur,
803 4038 1006 4098 eodem
1049 4035 1219 4095 modo
1268 4037 1462 4094 tmesis
1505 4034 1878 4094 acceleratam
1934 4035 2224 4113 quandam
2272 4049 2324 4089 υτ·
2368 4037 2576 4113 alnum*

442 4152 560 4202 tam
603 4145 770 4222 quasi
813 4145 1127 4202 orationem
1172 4148 1437 4201 ostentat.
1511 4141 1583 4199 cf.
1627 4143 1795 4199 etiam
1840 4139 2087 4199 Theocr.
2133 4145 2191 4202 II
2240 4149 2268 4198 :³-
2284 4149 2312 4198 ἵι
2364 4161 2444 4218 sq.

2170 4244 2200 4291 4
2220 4242 2244 4266 2
