3034 4675
1324 253 1752 316 „60-

466 429 528 487 II
586 431 664 485 40
731 423 802 483 τὸ
846 420 1136 483 πένεσθαι
1196 424 1304 501 οὐχ
1351 421 1659 502 ὁμολογεῖν
1717 445 1833 483 τινι
1878 421 2144 503 αἰσχρόν.
2234 422 2487 504 denique
2531 442 2604 482 ex

464 529 666 607 lingua
707 530 918 589 Latina
962 530 1135 588 affero
1179 527 1295 588 duo
1332 528 1600 608 exempla
1639 528 1847 587 Plaun
1879 529 2037 587 Men.
2087 533 2175 592 III
2228 534 2283 601 2,
2333 533 2367 587 3

1098 677 1220 717 non
1250 653 1415 735 faxo
1465 674 1601 716 eam
1645 674 1768 716 esse
1810 654 1983 727 dices,

466 782 567 841 ubi
613 781 950 859 interposito
997 778 1166 837 ‘faxo’
1209 780 1577 856 negationem
1604 777 1945 837 disiunctam
1974 778 2169 853 habes,
2202 798 2331 838 cum
2374 800 2491 838 non
2533 778 2607 837 ad
2692 789 2696 793 “

467 888 577 947 hoc
633 886 953 945 membrum
1010 887 1325 966 pertineat,
1373 884 1477 943 sed
1519 883 1966 968 construendum
2011 886 2083 943 sit
2127 886 2277 944 ‘faxo
2322 905 2448 944 eam
2491 905 2610 944 non

471 1014 595 1053 esse
637 992 808 1052 dices'
859 991 956 1073 (cf.
1003 991 1266 1049 Brixium
1306 986 1383 1047 ad
1428 990 1595 1048 Trin.
1645 987 1794 1071 409)
1842 997 1899 1047 et
1942 988 2076 1048 Tib.
2122 993 2206 1053 IV
2257 998 2348 1064 14,
2396 996 2429 1053 3

682 1117 940 1181 crimina
983 1138 1106 1179 non
1149 1116 1293 1178 haec
1316 1126 1477 1210 *sunt
1520 1124 1729 1177 nostro
1777 1114 1902 1176 sine
1946 1114 2113 1194 facta
2156 1116 2382 1193 dolore,

468 1261 621 1321 quae
661 1241 838 1300 verba
879 1245 961 1302 ita
1003 1250 1137 1301 sunt
1181 1238 1519 1313 ordinanda,
1566 1247 1631 1298 ut
1678 1247 1817 1307 ‘non
1858 1241 1983 1299 sine
2011 1248 2207 1299 nostro
2237 1240 2451 1300 dolore’
2486 1250 2612 1299 arte

470 1349 840 1406 consocietur.

775 1598 818 1687 ἓ
865 1600 933 1680 6.
1045 1600 1149 1678 De
1202 1598 1622 1700 hyperbato
1680 1598 2299 1676 coniunctionum.

623 1759 713 1835 ⁸In
769 1777 1065 1836 sententiis
1124 1772 1506 1846 secundariiS,
1570 1792 1720 1851 quae
1770 1770 2267 1831 coniunctionibus
2311 1772 2612 1831 incohatae

470 1890 628 1956 sunt,
684 1902 856 1941 unam
916 1880 1229 1939 alteramve
1284 1898 1483 1939 vocem
1497 1923 1511 1951 ‚
1573 1879 1666 1936 hic
1720 1878 1837 1936 illie
1880 1880 2051 1936 etiam
2101 1877 2271 1958 plura
2312 1878 2605 1950 vocabula,

469 1985 965 2047 coniunctionibus
1010 1988 1298 2065 praemitti
1342 1993 1400 2043 et
1435 2003 1532 2042 eas
1578 1985 1729 2063 ipsas
1764 1982 1840 2042 ab
1884 1985 2047 2041 initio
2092 1985 2152 2040 in
2196 1981 2444 2042 mediam
2488 2004 2609 2042 ora·

469 2094 684 2151 tionem
722 2088 1048 2168 transgredi
1089 2093 1227 2150 satis
1271 2098 1358 2149 est
1400 2097 1618 2148 notum.
1691 2108 1825 2146 nam
1855 2107 1984 2145 cum
2027 2089 2453 2148 coniunctiones
2498 2091 2609 2148 sin-

471 2197 621 2273 gulis
666 2198 975 2255 enuntiatis
1033 2198 1096 2255 in
1137 2216 1318 2254 unum
1361 2192 1699 2273 copulandis
1742 2195 2119 2253 inservientes
2159 2196 2315 2253 omni
2358 2193 2612 2275 pondere

450 2304 585 2362 >sint
612 2301 936 2376 destitutae,
967 2310 1189 2362 veteres
1222 2298 1518 2373 vocabula,
1552 2319 1704 2379 quae
1745 2297 2003 2380 pondere
2048 2318 2151 2359 suo
2195 2300 2608 2380 praevalerent,

466 2408 542 2467 ab
587 2410 750 2467 initio
794 2427 1012 2487 ponere
1054 2407 1237 2480 soliti,
1297 2425 1444 2485 quas
1486 2404 1610 2464 dixi
1666 2405 2004 2485 particulae,
2067 2415 2240 2485 prout
2297 2409 2610 2487 composita

472 2522 594 2573 erat
638 2515 837 2585 oratio,
896 2512 1159 2589 longiore
1201 2530 1375 2591 saepe
1420 2510 1723 2571 intervallo
1765 2531 1801 2569 a
1843 2512 2126 2591 principio
2169 2511 2436 2571 recedere
2479 2522 2614 2571 sunt

471 2621 644 2699 passi.
719 2617 862 2676 haec
918 2635 1009 2677 res
1066 2618 1311 2676 orationi
1365 2615 1442 2674 ad
1500 2625 1859 2676 venustatem
1903 2626 1961 2676 et
2002 2618 2341 2694 gravitatem
2384 2619 2611 2675 concin-

470 2723 699 2785 nandae
782 2725 1033 2782 maxime
1115 2731 1254 2801 apta
1337 2724 1509 2781 etiam
1585 2722 1845 2782 versibus
1932 2721 2254 2802 pangendis
2339 2742 2612 2799 magnum

468 2830 710 2910 praebet
765 2827 1125 2889 commodum
1140 2873 1154 2900 ,
1216 2845 1397 2905 quare
1451 2836 1660 2907 poetae
1714 2828 1825 2888 hac
1872 2827 2140 2887 libertate
2195 2830 2292 2887 usi
2349 2848 2611 2887 nonnun-

469 2957 644 3016 quam
709 2936 885 3012 longe
953 2940 1355 3013 processerunt
1370 2977 1384 3005 ,
1457 2941 1525 2990 ut
1580 2929 1751 2992 Pind.
1797 2933 1975 3012 Pyth.
2022 2938 2105 2998 IV
2162 2937 2273 2993 122
2345 2930 2419 2992 ἃν
2477 2930 2610 3014 πέρι

469 3042 678 3122 ψυχὰν
718 3040 840 3102 ἐπεὶ
882 3031 1152 3120 γάθησεν
1197 3047 1255 3095 et
1298 3037 1522 3097 Gallim.
1567 3037 1625 3096 h.
1672 3040 1734 3095 in
1778 3039 1951 3097 Dian.
1994 3043 2106 3101 108
2144 3059 2231 3117 sq.

1456 3159 1705 3223 ἀέθλιον
1744 3159 2039 3246 ζΗροικλῆ·ι

885 3267 1134 3349 ὕστερον
1178 3265 1338 3348 ὄφρα
1380 3264 1627 3346 γένοιτο.

471 3395 628 3477 quod
686 3405 879 3454 autem
934 3391 1431 3452 coniunctionibus
1447 3437 1461 3464 ‚
1523 3391 1677 3451 idem
1734 3394 1800 3452 fit
1841 3394 2276 3474 pronominibus
2322 3394 2604 3467 relativis3

470 3502 538 3560 cf.
588 3502 938 3578 Orinagorae
979 3499 1157 3578 epigr.
1206 3498 1363 3556 anth.
1409 3497 1577 3555 Plan.
1613 3502 1753 3570 273,
1806 3505 1838 3560 3

1711 3643 1803 3681 τοι
1847 3622 1961 3703 γὰρ
2005 3623 2165 3682 ἀνῖαι

887 3726 1165 3809 ὄρνυνται
1207 3726 1460 3805 δολιχῶν
1504 3724 1763 3786 ὅπποσαι
1804 3726 1868 3786 ἐκ
1912 3736 2182 3807 πυρετῶν

470 3862 528 3913 et
570 3853 677 3915 Ov.
725 3854 845 3913 her.
893 3857 946 3915 V
997 3858 1090 3915 18.
1152 3858 1239 3917 XI
1284 3859 1361 3915 24

877 3991 935 4041 et
972 3979 1101 4053 tihi*
1146 4000 1269 4042 non
1312 3976 1482 4040 debet
1528 3978 1693 4060 quod
1732 3998 1913 4040 soror
1956 3999 2097 4057 esse,
2135 3950 2262 4058 fui.

468 4101 568 4161 sed
617 4101 765 4161 hauc
801 4105 1196 4181 quaestionem
1239 4105 1562 4161 accuratius
1604 4110 1851 4161 tractare
1890 4123 1926 4159 a
1969 4103 2206 4161 consilio
2249 4103 2423 4162 huius
2466 4122 2613 4161 com·
