3034 4675
675 275 997 338 -101--

256 447 428 507 traiectione
472 448 719 508 substantivorum
763 456 793 507 et
836 449 1045 509 adieetivorum
1081 455 1144 508 arte
1181 450 1326 510 cohaeret.

256 568 462 625 nonnunquam
491 552 613 637 accidit,
637 535 680 611 'ut
708 554 868 629 appositio,
897 570 971 626 quae
999 571 1089 614 esua
1109 554 1200 630 ipsius
1222 561 1328 614 natura

257 658 378 731 notioni,
401 659 449 716 cui
471 663 516 717 est
536 657 648 734 addita,
673 659 806 734 proxime
827 658 961 732 subsequi
982 657 1078 733 debet,
1098 660 1211 733 longius
1233 660 1269 718 ab
1292 676 1328 719 ea

200 785 205 794 ·
255 769 449 823 remoueatur.
468 797 470 804 ·
487 779 546 836 qua
565 764 602 823 de
623 780 657 824 re
677 761 716 825 of.
739 763 895 823 Simonidis
916 762 973 837 frg.
997 766 1015 823 5
1035 782 1063 827 v.
1087 762 1126 822 15
1149 780 1212 837 sqq.

340 864 476 924 τοῦνεκεν
498 861 608 924 οὔποτ’
631 862 687 945 ἐγὼ
710 864 744 924 τὸ
766 864 809 944 μὴ
830 861 973 944 γενέσθαι

341 968 468 1029 δύνατον
489 967 654 1048 διζήμενος,
671 968 779 1030 ’κενεὰν
800 966 829 1040 ἐς
849 970 1004 1050 ἄπρακτον
1026 966 1131 1029 ἐλπίδα
1151 976 1262 1052 μοῖραν

715 1074 823 1145 αἰῶνος
842 1072 955 1153 βαλέω,

339 1178 528 1258 πανάμαιμον
550 1179 724 1262 ἄνθρωπον,
752 1177 906 1262 εὐρυίδους
927 1179 991 1241 ὅσοι
1018 1179 1133 1263 καρπὸν
1154 1177 1325 1256 siraburna

532 1345 534 1350 ,
711 1281 836 1364 χθονός,

255 1395 305 1454 ubi
333 1387 521 1468 πανάμωμον
543 1390 708 1473 ἄνθρωπον
736 1396 864 1469 pertinet
891 1396 930 1455 ad
958 1396 1032 1454 illud
1063 1390 1161 1469 τὸμὴ
1182 1387 1325 1471 γενέσθαι

256 1495 402 1572 bovam,-
435 1501 489 1559 hae
511 1506 607 1559 autem
629 1500 856 1573 transpositione
881 1500 994 1576 singula
1016 1501 1175 1560 sententiae
1196 1500 1328 1559 membra

254 1606 361 1665 clarius
390 1607 481 1665 oculis
508 1581 717 1665 offeruntur'et
739 1606 903 1679 appositum
924 1606 998 1666 illud
1019 1606 1058 1666 ad
1079 1603 1165 1664 finem
1186 1604 1325 1688 reiectum

254 1711 349 1769 aerius
386 1711 555 1784 percipitur.
611 1710 715 1769 deinde
751 1711 829 1770 inter
862 1728 966 1770 nomen
1001 1712 1119 1785 eiusque
1154 1709 1327 1769 attributum

253 1817 367 1890 saepius
389 1816 533 1890 appositio
554 1816 725 1887 intercedit3
748 1813 787 1877 cf.
810 1816 894 1878 Hom.
919 1814 973 1875 Od.
996 1817 1041 1876 IX
1063 1816 1190 1887 aaasq.

684 1905 767 1975 ναῖον
790 1905 820 1975 δ’
845 1916 905 1998 ὀρῷ
927 1917 1019 1997 ἄγγεα
1040 1914 1149 1995 πάντα,

340 2019 447 2110 γαυλοί
465 2042 497 2080 τε
520 2021 663 2103 σκαφίδες
685 2042 727 2097 τε,
749 2019 923 2102 τεταγμένα,
945 2029 1009 2093 τοῖς
1030 2021 1196 2101 ἐνάμελγεν,

253 2135 283 2188 et
303 2131 395 2188 multo
417 2128 600 2190 artificiosius
621 2131 709 2205 Prop.
732 2131 763 2189 II
787 2132 815 2201 3,
840 2130 880 2190 14

406 2254 467 2293 moa
490 2231 578 2307 oceli,
597 2232 743 2314 pensinae,
766 2233 869 2294 sidera
890 2244 1006 2314 aestro,
1027 2235 1118 2313 faces,

254 2356 310 2413 quo
339 2341 404 2400 loce
433 2341 557 2401 alterurn
586 2343 749 2416 appositum
777 2342 868 2415 priori
897 2349 942 2401 est
963 2344 1114 2401 inclusum.
1158 2339 1196 2400 ad
1217 2338 1324 2399 traiec-

255 2446 362 2505 tionem
384 2447 471 2506 etiam
495 2449 623 2520 pertinet
643 2447 695 2506 ille
717 2447 872 2507 verborum
897 2446 970 2506 ordo
992 2448 1106 2523 vulgari
1127 2448 1323 2506 Romanorum

253 2551 379 2611 sermoni
407 2567 545 2624 perquam
575 2551 745 2629 familiaris,
784 2553 833 2625 qui
861 2553 985 2626 exempli
1017 2554 1112 2628 gretia
1138 2558 1261 2627 apparet
1292 2551 1323 2608 in

254 2656 352 2715 verbis
379 2672 463 2714 meus
491 2653 698 2717 Mnesilochus
725 2653 809 2733 filius
838 2653 946 2733 (Plaut.
976 2660 1082 2721 Bacoln
1108 2658 1138 2716 II
1168 2659 1204 2732 3,
1236 2644 1324 2732 112),

253 2761 304 2820 nbi
324 2778 483 2836 pronomen
506 2760 604 2822 ‘meus'
622 2779 688 2821 oum
708 2763 888 2836 appellativo
905 2760 1000 2822 ‘filius'
1016 2762 1245 2838 coniungendum
1267 2766 1322 2820 est.

253 2865 424 2926 Latinorum
445 2873 548 2942 poetae
570 2868 685 2940 scenici,
706 2868 755 2941 qui
774 2883 932 2927 sermonem
949 2868 1140 2928 cottidianum
1158 2867 1322 2938 imitantur,

252 2973 327 3032 hanc
340 2973 560 3032 collocationem
576 2972 797 3047 frequentarunt
813 2967 865 3049 (of.
877 2973 1044 3047 Ussingium
1055 2974 1093 3033 ad
1105 2973 1201 3033 Plaut.
1212 2970 1323 3044 Amph.

254 3079 347 3154 1093,
369 3079 501 3138 Brixium
522 3080 561 3139 ad
583 3079 665 3153 Gept.
689 3072 764 3154 872)
787 3084 873 3150 utrque
894 3079 982 3137 etiam
1002 3079 1080 3152 apud
1102 3077 1269 3137 Ciceronem
1289 3075 1320 3133 in

253 3185 386 3258 epistulis
415 3200 450 3242 ea
478 3200 564 3258 saepe
593 3184 720 3244 occurrit
748 3176 800 3258 (cf.
828 3183 977 3256 Madwigii
1009 3200 1108 3257 opusc.
1137 3183 1209 3255 I-p.
1233 3174 1320 3257 170).

252 3291 463 3365 appositionem
492 3296 588 3350 autem
610 3290 696 3364 vulgo
724 3289 835 3349 nomini
862 3289 997 3360 subsequi
1017 3286 1095 3348 ‘satis
1127 3293 1227 3346 notum
1260 3290 1321 3362 est;

254 3396 306 3456 sed
328 3397 435 3470 passim
457 3396 638 3456 substantivo
659 3394 818 3469 praecedit.
855 3395 897 3453 ite
911 3391 1017 3455 Aesch,
1037 3397 1095 3471 Ag.
1111 3394 1171 3453 335
1194 3384 1321 3447 τοιαῦτά

252 3518 298 3556 τοι
312 3495 451 3577 γυναικὸς
466 3492 495 3567 ἐξ
510 3495 584 3573 ἐμοῦ
598 3495 703 3581 κλάοις,
719 3499 769 3558 ubi
783 3499 1014 3573 Clytaemnestra
1034 3515 1099 3558 eum
1121 3499 1151 3558 vi
1177 3503 1206 3557 et
1227 3498 1322 3556 ironia

252 3606 377 3678 quadam
399 3606 546 3665 notionem
567 3598 706 3681 γυναικός
726 3606 891 3680 praeponit.
926 3606 983 3664 huo
1005 3604 1092 3664 etiarn
1113 3604 1208 3663 tendit
1232 3601 1319 3661 Pind.

251 3708 308 3784 frg.
333 3711 392 3770 122
416 3710 522 3784 Berglc

405 3809 531 3870 πολλάκι
552 3805 665 3893 ματέρ’
688 3807 809 3893 ἐρώτων
830 3810 971 3893 οὐρανίαν
991 3808 1140 3889 πτάμεναι

405 3914 503 3994 νόημα
525 3914 638 3976 ποττὰν
651 3907 842 3998 Ἀφροδίταν.

250 4024 338 4083 aliam
349 4026 540 4098 appositionis
554 4042 611 4086 non
634 4044 685 4086 suo
707 4027 772 4086 loco
794 4028 906 4101 positae
928 4026 1052 4101 speeiem
1072 4022 1111 4085 cf.
1133 4022 1212 4083 infra
1233 4018 1318 4097 511.

252 4129 419 4204 saepissime
447 4131 582 4190 traiectio
610 4148 644 4191 eo
673 4130 816 4207 efficitur,
851 4138 1025 4207 utronea,
1059 4131 1135 4203 qued
1157 4129 1321 4189 accuratius
