3034 4675
1290 264 1762 328 -106—

454 439 811 506 constructio
870 440 1023 500 enim
1077 440 1162 498 ita
1221 439 1480 498 decurrit
1540 434 1792 513 ‘putetis
1830 438 2050 497 animas
2093 440 2221 514 pati
2261 456 2377 499 non
2423 456 2593 515 posse

457 548 581 607 ulla
649 547 804 606 mala
827 587 845 617 ,
907 546 1120 619 quippe
1207 560 1354 618 quae
1406 537 1625 604 'morte
1714 541 1990 602 careant’.
2103 545 2372 605 similiter
2441 562 2595 605 com-

458 657 669 728 parata
722 655 857 712 sunt
914 650 1178 723 exempla
1197 695 1212 725 ,
1273 666 1420 723 quae
1477 648 1584 709 sub
1644 649 1813 708 titulo
1857 648 2076 724 figurae
2119 644 2236 705 ἀπὸ
2280 655 2479 707 κοινοῦ
2522 652 2598 711 ad

442 760 636 834 ⁴Prop.
683 758 776 817 III
822 755 975 830 24b,
1023 757 1102 815 35
1162 761 1222 815 et
1265 755 1357 815 111
1403 756 1482 815 26
1499 755 1560 830 b,
1608 756 1685 814 25
1745 747 2007 828 apposui.
2098 755 2170 815 de
2215 755 2486 816 subiecto
2536 757 2600 815 in

457 864 821 923 enuntiatum
863 860 1266 920 secundarium
1316 862 1564 919 traiecto
1605 860 1739 919 vide
1782 856 1815 934 ἓ
1861 860 1959 919 12.

631 966 772 1027 Cum
818 981 997 1039 supra
1040 966 1113 1025 de
1165 965 1577 1027 attributorum
1623 972 1684 1025 et
1740 964 2231 1026 substantivorum
2272 966 2597 1041 hyperbato

457 1089 776 1150 ageremuS‚
821 1076 1026 1144 poetas
1053 1072 1198 1131 haec
1228 1072 1512 1132 vocabula
1538 1072 1692 1130 inter
1722 1070 2003 1144 bipartita
2031 1073 2309 1133 orationis
2339 1074 2600 1133 membra

458 1177 811 1239 distribuere
854 1176 923 1234 in·
958 1176 1184 1236 deliciis
1226 1177 1498 1237 habuisse
1530 1177 1799 1238 vidimus,
1875 1178 2008 1251 pari
2051 1177 2222 1236 modo
2266 1179 2415 1240 aliae
2458 1196 2595 1253 quo-

460 1300 573 1358 que
618 1282 1046 1342 enuntiatorum
1090 1288 1290 1355 partes
1307 1326 1324 1357 ,
1385 1281 1592 1355 quibus
1635 1281 1990 1342 consuetudo
2032 1282 2226 1355 aliqua
2268 1284 2596 1359 intercedit,

457 1392 512 1449 si
569 1387 856 1449 sententia
912 1387 1024 1446 duo
1082 1388 1342 1446 membra
1399 1389 1687 1463 continet,
1735 1388 1975 1461 singulis
2018 1387 2425 1463 adiunguntur.
2514 1389 2598 1448 ita

457 1495 779 1555 subiectum
825 1498 883 1551 et
925 1492 1321 1566 praedicatum
1368 1493 1781 1567 disposuerunt
1827 1490 2228 1552 Theodoridas
2268 1494 2427 1556 anth.
2472 1494 2597 1554 Pal.

459 1602 543 1659 VI
591 1599 734 1675 155,
783 1599 819 1657 3
866 1614 954 1669 sq.

713 1697 1016 1779 αἰχμητὰν
1059 1696 1096 1757 δ
1111 1694 1129 1717 ²
1176 1694 1468 1759 ε’πέθυσεν
1511 1695 1804 1781 ἀλέκτορα
1847 1698 1947 1758 καὶ
1991 1697 2325 1759 πλακόεντα

952 1810 1094 1875 παῖς
1135 1800 1523 1885 Ἠγησιδίκου
1565 1803 1741 1865 πίονα
1783 1801 2118 1885 τυροφόρον

458 1924 520 1976 et
577 1916 889 1989 Antipater
947 1913 1108 1975 anth.
1163 1914 1290 1974 Pal.
1337 1914 1420 1972 VI
1468 1914 1611 1989 287,
1663 1914 1695 1972 7
1744 1929 1830 1987 sq.
1915 1907 2317 1987 praedicatum
2375 1921 2436 1975 et
2494 1914 2601 1973 ob·

457 2022 668 2081 iectum
713 2020 984 2079 similiter
1027 2020 1387 2077 collocantur
1431 2019 1562 2078 Tib.
1610 2019 1639 2078 I
1688 2018 1744 2095 1,
1795 2018 1869 2077 11
1918 2034 2004 2092 sq.

684 2143 832 2184 nam
873 2141 1148 2195 veneror,
1195 2140 1300 2182 seu
1344 2121 1532 2204 stipes
1574 2120 1752 2182 habet
1794 2120 2065 2183 desertus
2112 2119 2177 2183 in
2221 2121 2390 2203 ayris

804 2294 807 2300 Α
869 2247 976 2289 seu
1021 2210 1186 2287 velus
1229 2225 1294 2287 in
1334 2225 1515 2288 trivio
1542 2224 1753 2309 florea
1798 2234 1964 2288 serta
2006 2224 2186 2308 lapis.
2300 2295 2304 2300 .

459 2336 539 2396 cf.
591 2336 721 2396 Val.
779 2336 978 2396 Flacc.
1025 2334 1108 2394 VI
1169 2333 1270 2396 20.
1372 2333 1575 2393 eadem
1632 2340 1824 2394 autem
1883 2335 2108 2395 ratione
2151 2336 2440 2397 Pindarus
2500 2353 2601 2397 vo·

359 2521 362 2524 Δ
459 2443 672 2504 cabula
713 2441 1001 2517 implicuit
1043 2439 1217 2514 Pyth.
1263 2439 1407 2498 VIII
1455 2441 1535 2499 25
1582 2457 1705 2513 sqq.

1188 2540 1454 2600 πολλοῖσι
1495 2537 1609 2617 μὲν
1648 2540 1763 2623 γὰρ
1806 2539 2064 2600 ἀείδεται

796 2642 1140 2726 νικαφόροις
1181 2639 1242 2704 ἐν
1281 2641 1527 2716 ἀέθλοις
1566 2643 1888 2728 θρέψαισα
1930 2645 2032 2705 καὶ
2077 2647 2260 2716 θοαῖς

677 2754 680 2758 ’
793 2738 1165 2830 ὑπερτάτους
1207 2748 1406 2830 ἥρωας
1448 2747 1508 2808 ἓν
1549 2748 1795 2828 μάχαις,

457 2879 609 2938 quae
665 2862 849 2921 mixta
917 2865 976 2919 et
1031 2836 1377 2933 perturbata
1432 2859 1741 2920 verborum
1799 2861 2127 2920 consecutio
2185 2861 2269 2920 ita
2320 2859 2601 2920 solvenda

461 2973 551 3029 est
607 2963 866 3022 ἀείδεται
925 2960 1040 3042 γὰρ
1092 2956 1412 3041 θρέψαισα
1467 2959 1670 3043 ἥρωας
1730 2959 2098 3044 ὑπερτάτους
2154 2958 2215 3020 ἓν
2260 2959 2603 3043 νικαφόροις

457 3051 722 3139 ἀίθλοιζ
766 3065 865 3126 καὶ
925 3068 1109 3137 θοαῖς
1160 3062 1222 3124 ἓν
1276 3064 1519 3144 μάχαις.
1628 3073 1900 3131 similium
1960 3070 2351 3145 exemplorum
2409 3070 2600 3130 omnia

461 3177 654 3253 poesis
710 3191 921 3248 genera
977 3176 1119 3235 satis
1175 3191 1440 3248 magnam
1500 3177 1934 3236 multitudinem
1980 3176 2435 3236 subministrant.
2523 3173 2599 3236 cf.

460 3282 673 3343 Aeseh.
720 3282 828 3354 Ag.
875 3280 995 3339 215
1043 3297 1168 3354 sqq.

996 3380 1166 3451 λιτὰς
1208 3377 1274 3439 δὲ
1319 3378 1416 3439 καὶ
1463 3376 1754 3456 κληδόνας
1797 3378 2111 3463 πατρώους

987 3479 1138 3567 ’παρ’
1186 3483 1355 3544 οὐδὲν
1398 3481 1589 3544 αἰῶνα
1630 3485 1991 3568 παρθένειον
2035 3483 2089 3546 τ’

999 3587 1213 3651 ἔθεντο
1255 3587 1580 3672 φιλόμαχοι
1620 3593 1876 3670 βραβῆς.

459 3700 803 3760 traiectione
869 3700 1179 3760 verborum
1245 3691 1389 3777 παρ’
1449 3691 1622 3754 οὐδέν
1637 3745 1654 3774 ,
1722 3716 1870 3773 quae
1932 3700 2009 3759 ad
2075 3696 2314 3760 verbum
2377 3693 2600 3754 finitum

459 3809 744 3880 spectant,
791 3821 921 3863 cum
966 3822 1034 3864 ea
1073 3807 1203 3880 ipsa
1246 3806 1428 3878 magis
1473 3804 1808 3880 efferuntur,
1854 3811 1973 3863 tum
2017 3803 2310 3864 vocabula.
2340 3802 2601 3862 seiuncta

460 3906 682 3988 (αἰῶνα
747 3902 1152 3988 παρθένειον),
1215 3910 1497 3969 acriorem
1561 3916 1988 3982 consequuntur
2058 3913 2374 3970 accentum.
2492 3921 2602 3980 par

461 4017 860 4091 geminumque
904 4015 1230 4090 exemplum
1274 4014 1518 4089 praebet
1576 4014 1730 4074 idem
1774 4015 2100 4090 Aeschylus
2145 4015 2254 4088 Ag.
2287 4012 2408 4073 677
2456 4028 2600 4088 sqq.,

459 4129 636 4193 atque
679 4120 881 4180 eodem
928 4117 1149 4179 faciunt
1195 4119 1498 4192 Sophoclis
1544 4137 1745 4181 versus
1789 4121 1855 4180 Ο.
1903 4120 1963 4180 C.
2012 4119 2135 4179 260
2179 4134 2303 4192 sqq.

2992 2143 3027 2292 ΛΒῌ
