3034 4675
634 309 869 375 -139-

382 492 414 544 ot
436 502 552 543 mecum
571 482 674 544 rauna
693 494 746 545 tuo
768 484 842 545 ctum
863 480 988 563 ocatiqo'u
1009 480 1105 542 lustro

381 586 442 651 soie
465 586 521 649 sub
545 587 667 649 ardenti
686 598 831 649 resonant
853 586 981 648 arbusta
1003 583 1135 661 uendi&

217 692 344 748 ‘mecum’
369 693 445 750 enim
467 691 690 778 construendum
716 699 760 749 est
788 710 854 750 cum
874 690 971 749 verbis
992 698 1052 749 ‘tua
1074 687 1143 749 dum
1164 661 1288 767 vestigii

213 794 323 854 lustro'.
373 798 494 874 insignis
526 817 594 856 vero
625 796 763 856 airdaciae
792 796 956 876 exemplum
987 799 1099 875 prostat
1129 792 1183 854 Ov.
1218 805 1284 854 met.

186 923 189 930 ¹
214 900 275 961 XV
298 905 314 961 7
339 920 381 977 sq.

302 1057 304 1059 a
342 1005 431 1069 buius
456 1028 545 1068 umor
566 1028 669 1082 curae,
687 1006 799 1090 putria
820 1004 1012 1090 Curibusque
1034 1006 1156 1081 relictis,

336 1112 424 1193 fact
448 1122 481 1173 ut
504 1112 649 1175 lbraulci
667 1120 842 1195 penetraret
862 1113 905 1173 ad
924 1111 1052 1195 bospitio
1074 1111 1191 1186 urbem,

215 1216 266 1276 ubi
280 1220 453 1276 constructio
467 1216 586 1276 ablativi
600 1217 725 1278 absoluti
748 1217 897 1275 enuntiato
918 1214 1089 1276 secundario
1111 1214 1286 1276 includenda

216 1331 286 1381 crat.
315 1341 410 1397 neque
422 1322 535 1381 alienae
557 1332 624 1382 sunt
645 1343 663 1381 a
684 1322 784 1399 lingua
798 1322 904 1380 Latina
923 1321 1065 1382 formulae
1084 1322 1153 1380 illae
1174 1317 1287 1379 mediae

216 1428 339 1486 orationi
359 1429 544 1508 interpositae
563 1428 765 1487 adverbiorum
786 1427 846 1485 fere
860 1430 918 1485 vim
933 1426 1094 1501 induentes,
1118 1434 1150 1486 ut
1173 1427 1286 1484 ‘mirum

179 1563 181 1567 ⁴
216 1543 364 1609 quantum,
388 1536 578 1610 nescioquis,
601 1532 758 1593 haudecio
781 1532 840 1605 an’,
863 1533 976 1592 similia.
1005 1536 1086 1592 cuius
1105 1534 1148 1591 rei
1169 1529 1228 1591 duo
1249 1550 1286 1590 ex

139 1629 145 1640 “
216 1640 389 1713 innumeris,
419 1657 493 1715 quae
521 1647 693 1718 suppetunt,
723 1638 864 1718 exemplis
892 1638 1015 1697 adiciam
1044 1637 1140 1698 Plaut.
1163 1637 1246 1696 Asin.
1270 1641 1286 1698 Ι

218 1750 246 1818 3,
272 1752 309 1807 29
334 1753 363 1803 et
383 1745 453 1803 Ter.
475 1745 552 1806 Eun.
575 1745 590 1803 I
614 1749 642 1816 2,
666 1751 705 1806 64
728 1763 770 1819 sq.

302 1849 432 1910 Transeo
454 1870 531 1909 nunc
553 1848 591 1907 ad
612 1869 647 1907 aa
669 1848 823 1928 hyperbati
837 1867 952 1925 genera,
976 1847 1082 1927 quibus
1104 1848 1285 1906 enuntia·

218 1957 338 2014 tionis
360 1957 572 2035 primariae
589 1952 705 2013 verba
725 1951 1072 2031 transgrediuntur
1092 1954 1129 2010 in
1152 1970 1287 2011 secun·

218 2061 377 2137 dariam3
403 2080 479 2140 quae
500 2059 616 2139 quidem
645 2059 738 2136 figura
763 2063 794 2117 in
823 2058 930 2135 linguis
959 2059 1086 2137 antiquis
1107 2078 1166 2117 non
1191 2058 1287 2116 minus

219 2177 262 2226 est
282 2168 488 2245 usitatoquam
510 2166 601 2224 altera
613 2163 699 2223 modo
716 2172 847 2222 tractata.
884 2165 1028 2242 itaqueat
1041 2182 1059 2220 a
1073 2162 1161 2221 simili
1181 2163 1285 2241 specie,

216 2290 315 2352 aqua
342 2291 429 2351 supra
457 2273 553 2331 exorsi
579 2288 693 2342 sumus,
723 2268 771 2328 hic
798 2288 915 2349 quoque
944 2270 1130 2348 incipiamus,
1162 2269 1286 2348 primum

217 2377 301 2437 nobis
321 2376 467 2455 agendum
497 2386 540 2437 est
561 2376 599 2435 de
623 2377 846 2456 transpositione
867 2374 1039 2434 substantivi
1060 2376 1091 2432 in
1113 2375 1285 2433 sententiam

217 2484 382 2558 relativam3
405 2483 476 2543 haec
498 2492 527 2542 et
547 2484 672 2541 mamma
690 2480 903 2560 pervulgataat
917 2480 1053 2539 facillima
1067 2488 1111 2538 est
1130 2479 1284 2559 explicatu.
1332 2538 1336 2545 ,

218 2594 242 2650 si
256 2590 465 2649 substantivum
479 2589 597 2669 ponitur
610 2589 641 2645 in
656 2589 804 2646 enuntiato
819 2586 939 2645 relativo
954 2583 1105 2666 periodum
1127 2582 1285 2664 incipienti,

219 2695 300 2755 nulla
322 2696 438 2754 omnino
468 2694 596 2752 traiectio
627 2700 670 2750 est
691 2691 901 2769 intellegenda,
925 2711 989 2750 cum
1012 2688 1084 2750 illud
1107 2710 1123 2748 e
1143 2692 1288 2749 communi

219 2799 427 2861 consuetudine
452 2798 552 2873 liceat,
583 2818 618 2857 ee
645 2800 733 2874 igitur
765 2797 898 2877 exempla
926 2806 995 2857 sunt
1022 2793 1210 2875 respicienda,
1236 2793 1287 2854 ubi

219 2908 362 2966 sententia
399 2907 536 2985 primaria
567 2901 720 2965 antecedit.
765 2904 823 2961 iam
852 2903 1010 2961 Homerum
1042 2901 1118 2958 hanc
1149 2897 1288 2979 loquendi

215 3014 359 3071 rationem
379 3009 547 3087 adhibuisse
568 3006 653 3067 docet
673 3027 772 3067 versus
794 3007 829 3065 Il.
851 3008 944 3066 xvfl
967 3013 1039 3068 6402

387 3111 432 3194 εἴη
453 3110 489 3174 d'
510 3113 542 3186 ὅς
564 3134 609 3185 τις
631 3106 748 3194 ἑταῖρος
769 3112 952 3193 ἀπαγγείλειε
974 3109 1113 3188 τάχιστα.

220 3232 368 3301 praeterea
389 3222 423 3279 ci.
446 3220 655 3300 Eurip.'Hipp.
674 3223 744 3288 388,
768 3217 846 3277 Med.
874 3222 962 3290 1339,
985 3217 1075 3275 Arist.
1096 3217 1172 3280 Ran.
1191 3220 1287 3291 1217,

219 3326 399 3386 Lobackium
419 3324 457 3385 ad
478 3325 566 3405 Soph.
588 3326 669 3386 Aiac.
692 3321 736 3382 ed.
759 3322 809 3387 alt.
830 3345 859 3403 p.
884 3329 945 3385 354
968 3329 997 3382 et
1018 3327 1079 3383 424
1102 3340 1178 3400 sqq,
1200 3330 1289 3400 atque

221 3430 258 3490 de
287 3428 457 3513 scriptorum
486 3450 617 3490 sermone
645 3430 829 3506 Kruegerum
855 3429 871 3487 I
904 3435 950 3497 15,
978 3432 1024 3489 12.
1069 3426 1123 3485 hac
1152 3429 1289 3486 orationis

221 3536 314 3596 forma
334 3535 407 3596 duas
429 3538 585 3595 sententias
606 3538 695 3594 euius
716 3536 793 3593 inter
814 3553 845 3593 se
867 3534 1002 3609 coniungi
1022 3540 1051 3590 et
1072 3533 1102 3590 in
1116 3551 1203 3592 unam
1218 3552 1288 3612 quo·

221 3640 374 3701 dammodo
395 3641 554 3701 coalescere
575 3641 757 3700 manifestum
779 3649 835 3714 est,
861 3639 908 3697 hic¹
929 3638 988 3697 illic
1009 3641 1095 3697 etiam
1117 3657 1203 3697 causa
1224 3637 1288 3697 rhe-

220 3750 309 3807 torica
330 3748 377 3806 vel
396 3756 520 3806 metrum
542 3746 613 3805 tales
632 3745 834 3805 collocationes
855 3744 1004 3804 suadebat.
1034 3742 1288 3803 difficiliorautem

221 3861 264 3910 est
286 3855 429 3926 traiectio,
453 3855 477 3912 si
498 3872 604 3912 nomen
623 3854 787 3932 proprium,
811 3849 888 3930 quod
917 3851 949 3908 in
978 3851 1126 3909 enuntiato
1153 3849 1289 3927 primario

220 3957 387 4037 ponendum
410 3965 478 4030 erat,
502 3976 520 4014 a
541 3959 683 4015 sententia
708 3956 829 4015 relativa
849 3956 1011 4015 attrahitur.
1054 3955 1090 4014 cf.
1113 3954 1215 4032 Eurip.
1239 3950 1289 4016 Or.

224 4069 314 4135 1184,
338 4062 449 4124 Gallim.
472 4062 500 4119 h.
524 4062 569 4120 IV
596 4068 652 4124 166

393 4161 463 4226 oriri'
487 4164 551 4245 ἣτις
576 4164 718 4248 Κέρκυρα
740 4164 972 4248 φιλοξεινωτάτη
992 4161 1115 4238 ἀλλέων,
