3034 4675
633 327 676 335 -
721 241 780 366 171
825 326 868 335 -

217 470 271 521 τοῦ
292 461 371 521 haud
392 481 461 521 sane
482 461 709 536 improbabiliter
724 461 867 537 Berglrius
889 462 1017 519 coniecit.
1051 459 1205 521 dicendum
1227 473 1289 522 erat

216 576 390 627 econsueta
417 570 529 626 ratione
550 574 604 625 τοῦ
624 565 834 644 ξυμβουλεύειν
856 567 924 636 νοὺς
949 558 1044 646 πάρα,
1063 563 1135 648 χέρς
1157 557 1186 625 d'
1212 556 1288 643 ἷὶπος
1318 620 1324 626 .

215 672 267 732 sed
288 675 449 732 immutavit
471 681 556 750 poeta
577 680 708 748 coeptam
730 681 910 745 structuram,
930 681 971 745 ut,
989 670 1067 751 quod
1089 674 1288 748 gravissimum

217 798 279 837 esse
309 778 437 857 putabat,
463 786 655 856 praeponeret
675 786 704 836 et
725 780 767 837 sic
787 780 996 858 oppositionem
1017 786 1105 857 atque
1126 779 1288 837 irrisionem

215 892 342 961 augeret.
386 882 490 941 similis
512 892 556 942 est
577 882 730 942 verborum
753 886 915 942 consecutio
936 882 1026 958 Soph.
1049 883 1118 941 Ant.
1144 888 1180 944 21
1201 904 1244 963 sq.
1275 892 1277 896 ’
1339 901 1341 906 ·

371 1006 406 1065 οὐ
426 1005 483 1087 γὰρ
505 997 602 1086 τάφου
624 1006 683 1088 νῷν
705 1005 748 1065 τὼ
769 1004 937 1085 κασιγνήτω
959 1002 1078 1086 Κρέων,

368 1110 421 1170 τὸν
442 1108 498 1189 μὲν
518 1109 671 1193 προτίσας,
693 1111 747 1171 τὸν
769 1103 798 1169 d'
824 1100 974 1188 ἀτιμάσας
996 1106 1072 1188 ἔχεις

217 1250 367 1323 genetivus
388 1241 485 1329 τάφον
499 1245 607 1327 pendet
624 1248 744 1307 averbo
765 1242 915 1325 ἀτιμάσας
936 1256 965 1306 et
986 1245 1108 1305 alterum
1129 1245 1289 1304 membrum

217 1352 269 1411 τὸν
290 1349 346 1430 μὲν
368 1352 513 1433 προτίσας
535 1374 587 1431 per
608 1354 733 1413 medium
757 1353 940 1412 catillatum.
975 1335 1073 1431 neque
1094 1354 1157 1410 sine
1176 1359 1239 1412 arte
1260 1360 1290 1410 et

215 1457 334 1517 consilio
354 1456 500 1520 duriorem
523 1458 762 1518 constructionem
785 1457 941 1537 Sophocles
962 1456 1088 1515 admisit.
1125 1454 1290 1530 Antigonae
1325 1453 1331 1462 '

216 1565 291 1622 enim
319 1567 487 1643 pracsertim
516 1563 688 1625 contumelia
716 1562 864 1641 Polynicis
892 1562 988 1621 fratris
1018 1560 1194 1619 dilectissimi
1220 1566 1289 1617 ante

215 1667 312 1727 oculos
333 1678 464 1728 versatur
485 1689 577 1748 eaque
597 1667 635 1727 de
663 1689 749 1727 causa
771 1668 839 1727 inde
858 1669 927 1726 facit
951 1669 1073 1726 initium.
1119 1661 1171 1723 sed
1192 1663 1286 1723 subito

215 1772 378 1848 recordata,
409 1774 552 1852 quomodo
581 1776 655 1834 alter
681 1775 769 1834 frater
796 1777 833 1834 sit
861 1774 1032 1845 honoratus,
1066 1772 1121 1830 hoc
1157 1772 1288 1846 protinus

215 1875 325 1937 inducit
347 1887 531 1952 momentum,
555 1877 660 1937 deinde
681 1878 719 1938 ad
742 1881 868 1955 priorem
883 1880 1083 1956 cogitationem
1106 1875 1182 1936 redit
1202 1885 1289 1950 atque

215 2003 355 2042 summam
376 1987 535 2044 sententiae
549 1986 607 2044 vim
629 1986 660 2042 in
681 1984 789 2044 ultimis
810 1988 892 2063 ponit
906 1984 1061 2048 vocabulis.
1098 1981 1187 2041 habet
1200 1983 1289 2057 igitur

215 2088 287 2147 haec
314 2088 468 2149 verborum
496 2089 644 2169 dispositio
673 2089 752 2149 haud
782 2092 916 2166 exiguam
946 2110 983 2148 ex
1010 2098 1139 2167 tempore
1168 2085 1288 2144 dicentis

216 2196 340 2270 speciem
361 2214 458 2274 neque
479 2204 557 2253 caret
578 2214 630 2253 sua
651 2199 769 2271 propria
791 2195 942 2271 elegantia.
980 2215 1065 2270 porro
1083 2195 1213 2270 apprime
1232 2191 1289 2249 huc

216 2299 291 2360 cadit
312 2301 385 2360 alius
407 2300 557 2381 Sophoclis
579 2299 697 2389 locusp
718 2300 876 2361 Lobeckic
898 2303 990 2380 primo
1019 2307 1098 2359 recte
1129 2296 1288 2377 explicatus

215 2406 261 2465 Αἰ.
286 2414 346 2468 475
364 2427 407 2486 sq.
507 2433 509 2437 ·
1258 2410 1259 2413 ’

140 2503 145 2512 .
407 2528 440 2589 τί
457 2530 514 2611 γὰρ
536 2523 609 2612 παρ’
636 2523 719 2612 ἦμαρ
740 2530 843 2612 ἡμέρα
864 2525 998 2608 τέρπνειν
1020 2522 1078 2604 ἔχει

406 2638 577 2717 προσθεῖσα
598 2636 769 2695 adrodatur
790 2640 845 2693 τοῦ
864 2655 896 2714 γε
917 2626 1084 2709 κατθανεῖν
1093 2630 1130 2711 1).

214 2751 452 2828 acquiescendum
483 2756 513 2813 in
545 2755 706 2833 hyperbato
738 2761 782 2812 est
818 2756 904 2812 etiam
935 2754 966 2809 in
999 2754 1214 2831 epigrammate·
1237 2746 1286 2806 illo

216 2857 399 2918 celeberrimo
426 2858 503 2939 apud
532 2859 682 2918 Demosth.
711 2857 748 2917 de
773 2877 879 2917 corona
904 2858 920 2937 ξ
947 2862 1007 2918 289
1040 2852 1176 2937 (append.
1207 2853 1285 2911 anth.

217 2963 279 3021 Pal.
301 2963 386 3045 266).
431 2972 463 3023 at
484 2983 599 3024 carmen
621 2974 650 3023 et
672 2962 778 3022 dubiae
799 2966 918 3041 originis
940 2970 969 3021 et
989 2962 1174 3020 vehementer
1195 2958 1287 3018 defor-

215 3075 323 3127 matum
352 3073 582 3151 coniecturisque
612 3071 765 3128 acervatim
791 3070 933 3145 congestis
954 3069 1033 3125 varie
1057 3074 1228 3143 temptatum
1248 3063 1286 3123 ad
1313 3082 1315 3087 ’

215 3182 312 3250 partes
340 3194 444 3233 vocans
471 3196 530 3234 non
558 3177 615 3233 iam
645 3192 707 3232 eam
737 3193 855 3252 operam
876 3172 1005 3246 navabo,
1035 3182 1067 3232 ut
1088 3172 1285 3251 quaestionem

301 3426 323 3491 1)
334 3429 419 3479 Simili
437 3432 516 3478 morlo
537 3430 645 3479 tortasse
658 3431 786 3493 quispiam
805 3431 903 3491 putarit
920 3430 1096 3479 construenda
1113 3441 1168 3476 esse
1180 3426 1284 3476 Pindari

216 3518 296 3566 verba
314 3518 388 3567 Nem.
404 3519 447 3568 111
468 3520 498 3569 te

432 3624 456 3675 el
475 3619 501 3674 δ’
520 3618 574 3676 tata
592 3620 676 3683 καλὸς
694 3624 783 3696 ἔρδων
801 3619 823 3676 τ’
844 3596 955 3676 teriora
971 3622 1080 3693 μορφᾷ,

214 3735 244 3777 ut
267 3729 368 3797 μορφᾷ
392 3731 426 3778 ad
451 3729 616 3794 participium
641 3727 725 3789 καλὸς
749 3726 801 3782 ἰών
822 3733 951 3780 referatur
972 3739 998 3780 et
1021 3729 1108 3796 ἔρδων
1134 3721 1156 3779 τ’
1176 3717 1285 3776 ἐοικότα

214 3818 323 3866 traiectu
346 3819 405 3867 sint.
441 3820 557 3880 corporis
581 3819 650 3868 enim
672 3821 821 3883 pulcritudo
843 3831 870 3868 et
892 3820 973 3868 animi
996 3820 1078 3867 virtus
1099 3817 1149 3865 sibi
1173 3816 1285 3864 iniicem

214 3914 389 3970 opponuntur.
427 3914 542 3956 apamen
565 3907 587 3955 si
611 3910 804 3970 comparaveris
827 3908 902 3957 Pind.
922 3909 1014 3957 Isthm.
1034 3900 1097 3973 ἅμα
1115 3898 1217 3973 ἀρετὰν
1235 3901 1285 3952 οὐκ

214 3998 327 4064 αἴσχιον
340 3986 413 4064 φοοῖςΙ
426 4003 452 4046 ct
464 3995 605 4046 Simonidis
617 3997 697 4058 epigr.
711 3999 783 4048 anth.
796 3998 891 4047 Pleml
905 3996 929 4055 2,
944 3988 1114 4046 3ιιάλλιστον
1130 3992 1184 4063 μὲν
1203 3991 1283 4054 ἰδεῖν,

213 4078 314 4137 ἀθλεῖν
342 4079 366 4135 d’
397 4083 430 4135 οὐ
457 4088 573 4150 χείρονα
600 4081 728 4153 μορφᾶς,
762 4087 815 4135 veri
842 4086 951 4134 similius
979 4084 1146 4133 coniunxeris
1174 4076 1284 4133 ἐοικότα

212 4173 319 4241 avrea
