3034 4675
658 241 970 320 .-7-‘

261 435 358 509 ignota
378 430 479 509 procul
502 448 597 489 errare
620 437 649 487 et
670 428 784 504 vagari,
814 426 893 506 quod
921 426 956 485 ad
986 448 1089 516 munus
1117 425 1329 506 sciscipiendum

259 536 336 595 haud
365 535 508 593 mediocre
537 543 599 593 erat
627 536 851 592 incitamentum.
902 552 1001 590 verum
1033 552 1093 590 nou
1124 541 1168 591 est
1199 533 1270 592 mihi
1299 535 1330 590 iu

258 644 354 699 animo
377 643 474 699 omnia
494 642 694 699 traiectionum
715 642 776 697 sive
798 638 953 718 hyperbati
974 656 1081 713 genera
1107 640 1137 695 in
1158 638 1232 696 hanc
1254 659 1328 696 com·
1422 711 1427 716 ἱ

259 749 464 805 mentationem
487 746 623 822 colligere
645 754 673 803 et
687 762 864 805 coacervare.
899 743 923 801 si
939 744 1015 800 enim
1032 746 1253 819 agrammaticis
1269 746 1329 802 sive

257 852 356 928 logicis
378 851 491 927 legibus
513 853 662 909 enuntiata
680 858 808 908 veterum
830 851 999 927 scriptorum
1013 850 1165 906 aestimare
1179 848 1326 922 vellemus

258 956 412 1016 multitudo
428 976 535 1028 eorum,
559 954 712 1035 inquibus
728 954 910 1033 hyperbaton
927 951 1111 1011 statuendum
1134 961 1184 1025 est,
1208 954 1330 1014 fortasse

259 1063 350 1120 maior
377 1069 530 1140 appareret
552 1081 639 1139 quam
668 1079 806 1119 numerus
829 1059 958 1130 illorum,
989 1077 1064 1136 quae
1093 1059 1156 1116 sine
1184 1058 1244 1116 ulla
1272 1069 1329 1117 tra-

258 1169 381 1226 iectione
409 1165 510 1226 ordine
538 1165 661 1224 naturali
691 1166 850 1248 composita
877 1171 953 1221 sunt.
998 1183 1088 1242 quare
1116 1161 1287 1223 difficiliora
1301 1173 1330 1224 et

259 1271 412 1331 audaciora
433 1280 544 1330 tantum
566 1273 734 1350 respiciam,
764 1277 879 1327 etcum
901 1288 935 1326 ca
955 1271 1111 1348 praecipue
1132 1271 1162 1326 in
1184 1273 1264 1347 poesi
1287 1273 1329 1329 iu-

258 1381 419 1450 veniantur,
442 1376 518 1434 hanc
539 1378 598 1435 fere
620 1375 710 1434 solam
732 1378 762 1434 iu
784 1375 982 1454 quaestionem
1004 1372 1124 1447 vocabo,
1145 1395 1328 1454 quamquam

258 1483 305 1541 hic
326 1483 384 1540 illic
407 1484 492 1541 etiam
514 1482 646 1561 exempla
665 1480 824 1559 epedestri
837 1499 969 1538 sermone
983 1482 1073 1557 petita
1088 1481 1212 1540 afferam.
1241 1492 1330 1563 atque

259 1590 289 1646 in
310 1607 486 1667 unaquaque
507 1588 609 1646 harum
631 1589 773 1665 partium,
803 1587 970 1664 priusquam
997 1585 1034 1643 ad
1056 1584 1218 1646 liberiorem
1241 1589 1327 1649 collo·

261 1695 402 1752 cationcm
424 1703 575 1765 transeam,
598 1693 692 1750 miuus
714 1691 864 1748 insolentis
886 1710 1002 1769 quoquc
1024 1690 1132 1750 ordinis
1154 1697 1329 1754 mentionem

259 1800 374 1857 iniciam
402 1808 431 1857 et
457 1798 495 1856 ad
524 1800 668 1857 variorum
697 1815 836 1873 generum
864 1796 955 1854 flexus
985 1788 1179 1876 transitusque
1200 1802 1329 1859 animum
1423 1865 1426 1874 ,

257 1903 405 1962 advertam
415 1902 463 1984 ¹).v
638 1984 640 1986 p
1300 1911 1367 1988 (μ,
1377 1928 1398 2024 ,ὁ
1416 1879 1429 1960 i
1447 1889 1486 1946 ’»’.

345 2010 512 2087 Antequam
534 2028 602 2068 vero
627 2010 667 2065 im
680 2027 749 2066 'rem
778 2010 868 2087 ipsam
897 2006 1084 2080 descendam,
1115 2028 1173 2066 non
1201 2009 1328 2068 omittam

244 2111 416 2174 'memorare
431 2135 473 2187 ea,
497 2133 573 2192 quae
588 2111 625 2172 G.
645 2114 827 2182 Hermannus
845 2111 905 2192 (op.
922 2112 966 2170 IV
984 2112 1059 2193 284)
1081 2123 1110 2171 et
1125 2114 1165 2170 Μ.
1185 2115 1328 2192 llauptius

258 2219 296 2278 de
317 2220 449 2278 omnibus
471 2221 522 2296 qui
543 2227 681 2277 vocantur
701 2222 831 2277 terminis
853 2218 992 2276 technicis
1013 2228 1196 2277 monuerunt.
1233 2222 1327 2277 tectis-

258 2328 330 2384 sime
352 2326 496 2404 Hauptius
518 2322 645 2406 (Belger,
669 2324 711 2383 M.
735 2325 836 2402 Haupt
864 2346 892 2401 p.
921 2322 991 2404 151)
1014 2325 1045 2380 in
1065 2323 1235 2384 lectionibus
1258 2326 1329 2384 haec
1388 2325 1390 2328 ’

257 2441 359 2491 notare
388 2431 498 2490 solebat
528 2431 661 2510 ι11111916,
690 2430 894 2501 Ploonasmus,
926 2430 1069 2506 Euallage
1097 2451 1125 2487 u.
1149 2450 1171 2487 s.
1195 2452 1233 2490 w.
1263 2431 1326 2489 sind

258 2537 398 2608 Phrasen,
422 2537 531 2596 welche
548 2535 604 2594 den
620 2535 766 2594 Verstaud
787 2535 964 2609 aushtihlen3
988 2534 1039 2592 das
1058 2535 1180 2593 Abthuu
1202 2535 1253 2593 der
1275 2538 1327 2595 Er·

258 2641 383 2718 klttrung
405 2645 456 2700 mit
477 2642 594 2701 solchen
612 2639 894 2700 Kunstausdrttcken
916 2643 953 2698 ist
973 2662 1029 2699 nur
1050 2642 1096 2698 fur
1117 2640 1183 2713 den,
1207 2640 1260 2699 dcr
1280 2640 1329 2700 die

257 2747 351 2805 Sache
370 2747 451 2804 nicht
473 2746 631 2824 ergrttndet
646 2748 705 2805 hat.
742 2749 797 2804 Die
813 2746 940 2823 Sprache
955 2749 992 2803 ist
1006 2749 1053 2802 ein
1069 2745 1250 2821 Lebeudiges
1267 2747 1327 2806 und

259 2855 308 2910 hat
330 2874 365 2911 zu
388 2853 466 2910 ihrer
486 2853 572 2910 Basis·
585 2852 740 2927 Vorgange
762 2854 792 2909 in
815 2851 866 2908 der
888 2851 1061 2928 lebendigen
1077 2851 1325 2927 Menschenseele3

258 2956 337 3015 diese
363 2979 399 3017 zu
428 2959 569 3029 erfasseu,
599 2956 702 3015 darauf
726 2956 838 3014 kommt
867 2976 896 3014 es
922 2977 976 3031 an,
1007 2978 1068 3017 wer
1096 2956 1156 3014 sich
1185 2959 1237 3013 mit
1262 2956 1326 3015 dem

257 3063 519 3122 Kunstausdrucke
542 3063 677 3139 beguttgt,
702 3064 738 3120 ist
758 3061 823 3120 dem
847 3083 882 3120 zu
903 3062 1094 3138 vergleiclicn,
1118 3061 1170 3118 der
1191 3082 1248 3119 nur
1270 3060 1327 3120 den

258 3167 336 3226 'Pitel
358 3169 437 3226 eines
457 3168 570 3226 Buches
592 3167 700 3239 kannt,
731 3167 807 3224 ohne
837 3187 868 3224 es
896 3166 986 3225 selhst
1014 3164 1130 3242 gclesen
1152 3188 1188 3225 zu
1210 3167 1326 3226 haben’.

258 3275 335 3330 omni
363 3275 452 3349 igitur
479 3293 535 3353 ope
565 3282 594 3331 et
623 3293 710 3352 opera
738 3270 926 3331 adnitendum
950 3282 1008 3344 est,
1039 3280 1071 3331 ut
1097 3275 1127 3330 iu
1151 3293 1327 3353 unoquoque

259 3377 406 3438 insolentis
428 3379 580 3438 verborum
596 3378 790 3457 dispositionis
804 3397 911 3454 genere
927 3378 972 3434 vol
991 3380 1076 3436 etiam
1091 3377 1233 3457 exemplo,
1257 3378 1326 3457 quid

257 3483 380 3541 voluerit
407 3493 508 3542 auctor
536 3492 565 3542 et
593 3483 737 3563 quomodo
764 3482 794 3541 id
821 3493 968 3542 assecutus
998 3486 1050 3556 sit,
1081 3483 1158 3541 clare
1179 3493 1325 3562 appareat.

344 3652 364 3718 1)
382 3657 422 3704 De
446 3657 618 3704 collocatione
642 3657 780 3703 verborum
804 3658 873 3718 apud
891 3656 1030 3716 scriptores
1048 3657 1181 3717 prosaicos
1206 3658 1238 3703 cf.
1257 3671 1326 3703 com-

258 3745 438 3805 mentationes,
458 3760 523 3807 quas
540 3745 686 3807 composuit
697 3746 851 3792 Huabnerus
864 3744 1006 3793 Grundriss
1019 3760 1050 3791 zu
1063 3745 1244 3806 Vorlesungen
1264 3746 1327 3793 tiber

256 3834 298 3882 die
316 3834 413 3896 griech.
432 3834 535 3896 Syntax
551 3831 630 3895 (Berl.
652 3830 727 3896 1883)
744 3848 769 3895 p.
790 3834 832 3894 88,
851 3832 998 3887 Grundriss,
1012 3850 1043 3881 zu
1062 3834 1243 3894 Vorlesungen
1263 3835 1326 3882 iiber

256 3922 301 3970 lat.
315 3922 402 3972 Graiu.
416 3920 496 3987 (Berl.
512 3918 586 3984 1881)
604 3938 629 3985 p.
642 3924 674 3974 97
696 3931 722 3970 et
738 3924 834 3971 librum
852 3938 928 3984 quem
947 3918 1051 3986 scripsit
1069 3923 1186 3971 Blassius
1204 3923 1325 3971 Attische

257 4011 452 4059 Beredsamlreit
472 4010 563 4068 1211,
586 4011 614 4061 II
635 4012 691 4072 129,
713 4013 770 4068 141,
793 4009 846 4060 1111
868 4013 924 4074 123,
947 4009 1001 4061 111²
1023 4013 1081 4075 2114,
1106 4014 1164 4074 211,
1188 4014 1247 4063 296.
1277 4028 1325 4061 nec

256 4099 358 4148 inutilis
375 4101 424 4148 erit
441 4101 601 4161 comparatio
621 4114 718 4163 eorum,
744 4116 812 4163 quae
835 4101 977 4164 disputavit
998 4102 1187 4149 llelbrueckius
1215 4101 1256 4148 die
1277 4102 1325 4149 alt·

254 4187 373 4236 indische
392 4190 548 4251 Wortfolge,
567 4189 642 4236 Halis
664 4191 726 4239 ists
744 4188 875 4251 (Syntakt.
895 4190 1001 4236 Forsch.
1020 4186 1071 4250 Ill)
1091 4203 1115 4250 p.
1130 4190 1162 4239 58
1177 4204 1232 4249 sqq.
