3034 4675
626 295 861 359 -187-

208 466 342 525 infinitivi
365 476 416 525 aut
436 468 578 545 participii
600 469 804 526 constructioni
828 469 1049 536 immiscuerunt,
1066 486 1141 545 quac
1163 486 1197 524 eo
1220 487 1278 524 non

208 571 400 651 pertinebant.
459 570 564 630 deinde
604 575 776 631 sententiam
817 575 981 652 primariam
1017 580 1046 630 et
1080 570 1279 630 secundariam

209 678 329 754 singulis
358 677 452 735 verbis
482 675 654 736 solutissime
680 679 806 736 traiectis
835 680 865 736 in
893 698 984 735 unam
1002 680 1084 756 quasi
1106 678 1229 737 conflare
1250 688 1279 737 et

208 792 337 857 coartare
357 782 540 842 adamabant.
584 785 710 841 maxime
730 794 826 841 autem
848 784 952 860 figura
967 782 1027 841 ἀπὸ
1049 791 1160 855 κοινοῦ,
1192 803 1278 862 quam

209 888 382 947 creberrime
403 888 591 967 usurpabant,
611 879 785 965 'elegantiam
808 887 953 968 quandam
976 892 1187 967 quaesiverunt.
1220 909 1278 947 orn-

209 998 278 1053 nino
309 993 436 1073 danique
463 994 630 1071 longissima
658 1004 860 1073 processerunt
888 997 919 1052 in
940 993 1036 1052 verbis
1058 994 1215 1052 insolenter
1235 992 1278 1051 di·

209 1098 355 1163 ducendia
399 1109 595 1158 verumtamen
624 1098 654 1158 id
685 1109 728 1158 est
749 1098 915 1172 notandum,
935 1119 1024 1157 omne
1043 1100 1103 1158 fere
1124 1100 1279 1179 hyperbati

208 1225 300 1281 genus
321 1204 398 1282 apud
420 1204 635 1264 Alexandrinos
657 1214 757 1283 poetas
780 1204 895 1263 obvium
923 1208 1034 1284 priores
1063 1214 1163 1283 poetas
1185 1208 1278 1284 praei·

209 1314 284 1369 visse
317 1319 405 1389 atque
436 1313 546 1369 semina
577 1315 634 1369 iam
667 1313 697 1369 in
730 1311 850 1369 Homeri
883 1311 1056 1369 carminibus
1092 1309 1278 1390 deprehendi.

209 1425 298 1495 atque
323 1436 387 1474 cum
410 1415 452 1473 illi
482 1418 512 1474 in
534 1416 588 1474 hac
609 1424 692 1493 parte
714 1405 1010 1495 eorumpotissimurn
1034 1426 1184 1494 poetarum
1205 1419 1278 1474 anti·
1337 1413 1338 1418 '

209 1540 340 1598 quorum,
357 1524 406 1600 qui
419 1520 572 1579 admodum
582 1520 702 1586 licenter
713 1520 802 1580 verba
812 1530 1059 1601 transposuerunt,
1075 1531 1166 1580 artem
1177 1523 1279 1580 imitati

208 1644 271 1684 esse
291 1623 451 1698 videantur,
475 1625 626 1705 probabile
647 1635 698 1700 est,
723 1630 746 1686 si
762 1627 859 1706 plures
875 1627 1049 1705 hymnorum
1071 1646 1105 1684 ac
1121 1626 1278 1705 dithyram-

210 1729 311 1790 borum
327 1733 478 1810 scriptores
491 1740 614 1790 aetatem
629 1732 770 1804 tulissent,
788 1733 914 1791 futurum
930 1751 993 1791 csse
1007 1741 1039 1790 ut
1054 1731 1168 1790 illorum
1184 1752 1278 1791 exem·

208 1836 288 1914 plum
306 1856 354 1895 eos
376 1845 552 1895 consectatos
576 1856 638 1895 esse
654 1838 759 1897 clarius
779 1847 938 1917 appareret.
961 1837 1040 1916 quod
1055 1840 1191 1896 orationis
1212 1859 1280 1896 con-

207 1942 375 2001 formandae
395 1963 486 2019 genus
508 1946 686 2018 potissimum
709 1946 836 2001 manavit
858 1963 895 2002 ex
917 1943 1012 2001 studio
1035 1943 1084 2002 illo
1107 1942 1279 2001 Alexandri-

208 2067 326 2120 norum,
357 2058 391 2107 ut
419 2050 493 2108 soliti
525 2060 554 2108 et
580 2050 709 2109 consueti
730 2048 875 2107 fastidium
897 2051 1022 2107 vitarent
1043 2058 1072 2107 et
1092 2051 1280 2126 exquisitiore

209 2152 363 2231 minusque
391 2157 458 2212 trita
487 2154 612 2214 dictione
638 2156 781 2215 lenocinia
809 2174 843 2212 ae
865 2174 968 2212 novam
990 2153 1196 2213 iucunditatem
1220 2174 1280 2211 car-

208 2258 335 2316 minibus
356 2260 415 2317 suis
438 2270 582 2339 pararent.
628 2265 657 2319 in
684 2260 733 2319 illa
755 2270 850 2318 autem
873 2280 960 2340 quam
984 2259 1067 2317 modo
1095 2261 1280 2339 cognovimus

210 2367 394 2423 contentione
430 2386 648 2445 nonnumquam
684 2387 784 2447 parum
830 2365 1042 2446 prospiciebant
1083 2368 1280 2445 perspicuitati

211 2474 365 2545 sermonis3
399 2476 514 2552 saepius
549 2476 625 2532 enirn
656 2472 809 2531 verborum
844 2474 1072 2548 transgressione
1102 2475 1192 2530 oratio
1221 2492 1280 2529 am·

210 2574 298 2651 bigua
334 2577 379 2634 vel
417 2581 512 2636 minus
548 2577 675 2638 dilucida
707 2582 819 2651 existit,
856 2597 921 2636 curn
950 2597 1033 2636 voces
1061 2579 1142 2636 iuxta
1170 2579 1280 2655 positae

211 2684 403 2759 reperiantur,
439 2702 511 2761 quas
545 2703 562 2742 e
596 2688 795 2762 grammatices
824 2683 941 2762 quidem
968 2682 1081 2760 legibus
1107 2685 1281 2757 coniungere

211 2789 318 2864 possis,
358 2792 487 2866 quamvis
523 2793 666 2849 sententia
697 2811 764 2848 ‘curn
801 2787 1002 2848 remotioribus
1037 2807 1085 2846 eas
1117 2798 1282 2846 construere

212 2891 339 2957 suadeat,
375 2893 430 2951 'sed
461 2905 489 2953 et
523 2895 597 2953 hanc
627 2897 719 2974 ipsam
751 2897 888 2953 orationis
921 2893 1123 2951 obscuritatem
1155 2895 1210 2950 iam
1242 2892 1280 2951 ab

211 2998 421 3076 antiquioribus
442 2999 596 3059 admissam
617 3020 679 3059 esse
700 2999 832 3072 vidimus,
857 3002 896 3056 ita
918 3008 950 3056 ut
971 3018 1008 3082 ue
1029 2997 1066 3056 ab
1088 2998 1142 3056 hac
1163 2996 1281 3075 quidem

212 3113 294 3182 parte
314 3125 430 3183 prorsus
451 3109 564 3164 insueta
586 3107 762 3166 novaverint
807 3114 837 3162 at
859 3113 935 3163 certe
956 3123 1130 3182 quamquam
1150 3100 1282 3180 cupidius

213 3217 242 3266 et
262 3211 370 3268 maiore
391 3230 455 3269 curn
476 3211 592 3270 licentia
611 3218 712 3290 poetae
727 3207 917 3268 Alexandrini
938 3211 1094 3267 orationem
1116 3209 1280 3284 ambiguam

213 3316 442 3390 conformarent,
473 3337 532 3375 non
561 3325 656 3375 tamen
679 3315 840 3374 inconsulte
862 3314 891 3372 id
914 3316 1056 3387 fecerunt,
1087 3312 1137 3372 sed
1156 3323 1192 3371 ut
1212 3315 1282 3371 artis

213 3418 337 3478 studium
369 3429 398 3478 et
418 3421 545 3480 sollertia
567 3422 699 3480 eluceret.
744 3440 821 3498 quae
842 3410 981 3480 sermonis
1003 3418 1193 3478 obumbrandi
1215 3440 1283 3477 cura

214 3527 339 3582 maxima
366 3529 493 3584 cernitur
522 3529 553 3585 in
584 3527 786 3605 Lycophronis
814 3525 992 3584 tenebricoso
1023 3523 1136 3583 dicendi
1166 3543 1281 3600 genere,

214 3647 271 3706 quo
302 3629 392 3689 doctis
420 3631 574 3691 lectoribus
601 3651 669 3691 vere
697 3631 823 3711 ἀπορίας
852 3631 956 3689 obiecit
977 3629 1136 3689 solvendas.
1182 3630 1282 3689 eodem

203 3733 289 3793 'redit
318 3752 433 3795 carmen
466 3738 633 3815 figuratum,
670 3734 749 3815 quod
781 3736 935 3794 Theocrito
965 3738 1076 3794 iniuria
1109 3734 1284 3814 adscriptum

219 3840 346 3919 ‘Syrinx'
357 3842 528 3921 appellatur,
541 3844 621 3905 cuius
636 3842 792 3920 perplexae
807 3850 835 3900 et
846 3843 986 3920 ancipites
1001 3844 1160 3900 sententiae
1171 3838 1284 3915 Oedipo
1347 3886 1350 3891 «

215 3955 292 4005 certa
322 3957 389 4006 sunt
416 3946 531 4024 dignae.
575 3946 626 4005 sed
654 3955 757 4026 poetae
784 3945 974 4005 Alexandrini
1006 3966 1180 4025 quamquam
1212 3967 1285 4005 non-

216 4052 304 4111 nullis
331 4052 401 4111 locis
428 4056 541 4112 insueta
569 4054 685 4111 licentia
713 4055 743 4110 in
772 4052 867 4111 verbis
893 4052 1114 4130 transponendis
1141 4061 1209 4110 sunt
1229 4047 1283 4125 usi,¹

215 4167 311 4216 tamen
335 4160 358 4218 si
381 4159 619 4238 Lycophronem,
650 4159 700 4235 qui
723 4177 810 4237 saepe
831 4158 903 4215 fines
925 4158 1040 4234 linguae
1061 4156 1196 4216 facultate
1218 4178 1284 4216 con-
