3034 4675
629 191 864 260 —174-

211 363 311 441 procul
341 363 428 423 dubio
457 364 599 424 Kaihelus
627 365 658 422 in
686 362 743 420 hao
767 362 990 420 conformatione
1018 380 1077 419 non
1110 358 1282 430 offendisset,

210 469 318 532 nedum
340 471 485 530 invenusti
501 468 609 544 aliquid
628 466 873 543 deprehendisset,
890 469 914 525 si
931 463 1070 525 eiusmodi
1088 464 1282 523 collocationis

212 575 345 651 exempla
376 578 402 635 ei
430 576 551 635 fuissent
579 577 610 633 in
637 582 804 645 numerato,
834 592 911 652 quae
939 591 991 630 nos
1016 590 1104 649 supra
1125 571 1281 630 attulimus.

211 678 314 760 quodsi
343 691 439 762 tamen
467 681 588 752 fuerint,
620 682 670 755 qui
695 679 754 738 tale
781 677 965 758 hyperbaton
992 694 1148 754 agnoscere
1180 675 1281 749 nolint,

209 787 330 847 fortasse
372 806 431 846 non
479 784 602 861 amplius
640 803 795 843 assensum
845 781 1035 854 cohibebunt,
1080 784 1104 839 si
1147 803 1163 841 e
1194 784 1281 858 scrip-

210 899 305 950 torum
346 909 479 951 sermone
519 892 665 967 geminum
710 888 877 963 exemplum
920 887 1099 946 attulerimus
1142 887 1280 963 Xenoph.

212 996 289 1056 Hell.
313 1000 369 1058 VII
392 1001 424 1069 3,
451 1004 466 1056 7
498 994 583 1072 ὑμεῖς
612 994 681 1064 τοὺς
708 993 775 1075 περὶ
799 987 921 1074 Ἀρχίαν
929 979 942 1069 ,’
965 993 1001 1052 ori
1028 999 1135 1073 ψῆφον
1163 992 1283 1069 ἀνεμεί-

210 1122 290 1177 νατε,
320 1100 397 1161 ἀλλὰ
419 1099 662 1182 ἐτιμωρήσασθε.
707 1099 807 1159 eadem
837 1107 933 1158 autem
963 1097 1013 1156 illa
1042 1100 1188 1156 contentio
1221 1119 1282 1157 ora·

210 1207 280 1267 tioni
297 1209 366 1266 'vim
397 1215 425 1265 et
454 1207 622 1282 gravitatem
650 1204 821 1263 conciliandi
854 1206 1003 1264 contrariis
1035 1202 1139 1263 idonea
1170 1206 1283 1263 ratione

212 1314 330 1374 conexis
359 1311 422 1369 aliis
449 1330 567 1390 quoque
595 1313 734 1370 sermonis
753 1309 894 1390 pedestris
915 1309 985 1369 locis
1006 1316 1162 1393 structuras
1183 1308 1283 1368 huius·
1347 1314 1350 1319 ’

210 1415 303 1476 modi,
318 1418 440 1491 peperit.
494 1418 530 1474 cf.
560 1417 709 1477 Demosth.
732 1415 808 1474 Phil.
832 1416 848 1474 I
871 1422 909 1478 53
934 1411 961 1475 oi
981 1411 1037 1491 μὲν
1058 1411 1165 1495 ἐχθροὶ
1187 1435 1283 1473 κατα-

171 1585 173 1594 ,
208 1522 349 1601 γελῶσιν,
380 1516 407 1580 oi
436 1518 469 1582 δὲ
498 1520 650 1599 σύμμαχοι
679 1523 824 1582 τεθνᾶσιν
852 1522 895 1602 τῷ
925 1516 1000 1594 δέει,
1031 1520 1100 1590 τοὺς
1130 1506 1283 1591 τοιούτὸυς

208 1624 409 1708 ὑπαστόλους,
443 1628 521 1687 Xen.
552 1627 667 1685 Hellen.
691 1628 708 1686 I
732 1633 768 1698 5,
793 1632 810 1688 9
841 1623 929 1706 ὅρκον
959 1621 1067 1701 ἔλαβον
1095 1625 1146 1685 καὶ
1176 1623 1282 1689 ἔδοσαν

211 1730 294 1813 παρὰ
321 1730 534 1812 Φαρναβάζου.
579 1731 762 1793 durissimum
794 1739 825 1796 et
852 1729 1072 1790 audacissimum
1105 1733 1160 1792 hac
1191 1735 1222 1791 in
1249 1753 1282 1791 re

211 1855 272 1896 esse
293 1836 495 1916 Thucydidem
519 1836 694 1896 demonstrat
712 1838 757 1897 VI
781 1842 819 1898 68
849 1834 879 1895 ἓν
900 1834 1030 1914 πατρίδι,
1054 1832 1084 1908 ἐξ
1104 1829 1140 1915 ἧς
1161 1845 1282 1918 κρατεῖν

210 1940 260 2000 dei
277 1937 296 2019 ἢ
317 1941 360 2022 μὴ
383 1937 494 2027 ῥᾳδίως
515 1942 726 2024 ἀποχωρεῖνῑ).
760 1941 933 2021 deniqueut
950 1942 1004 2016 his,
1027 1962 1100 2017 quae
1121 1942 1158 2002 de
1178 1944 1281 2003 litteris

210 2046 329 2107 Graecis
351 2047 532 2127 explanatius
555 2048 707 2128 disputavi,
729 2047 828 2126 aliqua
848 2046 1057 2106 commendatio
1079 2048 1204 2123 accedat,
1225 2051 1279 2110 sub

211 2152 296 2212 finem
316 2174 422 2232 ponam
444 2153 537 2214 locum
559 2153 689 2213 nondum
717 2161 794 2212 recte
823 2151 1005 2232 expeditum,
1037 2173 1123 2233 quem
1146 2154 1280 2235 Diltheyi
1349 2147 1352 2152 ’

210 2256 371 2317 emendatio
396 2239 543 2318 meliorem
572 2259 642 2318 mihi
664 2258 792 2321 tradidit.
838 2259 868 2316 in
898 2260 1103 2338 epigrammate
1123 2259 1280 2342 Sophronii

120 2420 122 2423 .
209 2365 390 2443 patriarchae
412 2365 491 2427 anth.
514 2365 576 2427 Pal.
598 2365 660 2424 VII
683 2371 753 2439 679,
782 2371 794 2425 1
820 2360 863 2443 sq.
906 2364 977 2423 haee
998 2374 1100 2424 extant
1176 2422 1179 2429 ,

221 2501 223 2505 ·
252 2482 359 2560 aduste,
381 2482 427 2554 τίς
448 2479 587 2562 duddan,
607 2476 644 2562 ἦν
659 2479 687 2544 ‹l'
703 2480 745 2543 ita
769 2489 839 2553 παῖς
861 2482 947 2555 τίνος,
971 2479 1042 2564 ἔργα
1064 2484 1113 2543 καὶ
1137 2482 1234 2562 ὄλβον,

384 2587 495 2669 νεκρὸς,
519 2588 552 2648 ὃν
575 2585 657 2648 ἔνδον
680 2586 764 2667 ἔχεις,
788 2585 895 2664 ἔννεπε,
916 2587 1110 2667 κευθόμενον.

209 2710 364 2766 accusativi
385 2703 455 2789 ἔργα
476 2707 527 2767 καὶ
542 2705 641 2785 ὄλβον,
658 2710 708 2787 qui
729 2706 831 2766 eodem
853 2706 938 2766 modo
958 2727 993 2765 ac
1014 2712 1173 2768 sententiae
1193 2712 1278 2769 inter-

209 2815 357 2888 rogativae
372 2834 390 2871 a
403 2813 492 2873 verbo
508 2811 606 2873 ἔννεπε
621 2812 758 2894 pendent,
774 2812 995 2872 insolentissime
1015 2815 1176 2894 interpositi
1197 2824 1277 2890 sunt,

209 2939 276 2978 nam
305 2917 514 2978 substantivum
536 2917 638 3002 νεκρός
665 2917 703 2977 ad
732 2921 984 2996 interrogationem
1014 2921 1045 2977 in
1066 2940 1092 2978 v.
1119 2928 1128 2981 1
1157 2920 1278 2980 relatum

187 3031 260 3093 est.
305 3024 458 3084 verborum
487 3024 635 3105 dispositio
665 3024 853 3084 audacissima
882 3044 967 3096 sane,
1005 3044 1092 3104 quam
1120 3025 1188 3084 huic
1215 3027 1278 3085 loco

208 3149 326 3208 prorsus
339 3130 460 3189 similem
477 3130 546 3189 alibi
560 3150 607 3189 me
621 3132 782 3210 repperisse
795 3150 855 3188 non
876 3132 1000 3193 memini.
1037 3140 1134 3190 tamen
1148 3130 1278 3191 Jacobsii

209 3236 368 3292 sententiae
397 3234 516 3294 firmiter
544 3256 590 3294 me
617 3234 752 3295 addicere
780 3233 896 3307 dubito,
930 3237 980 3313 qui
1012 3235 1089 3294 hanc
1116 3237 1278 3294 intricatam

209 3338 425 3397 collocationem
457 3350 539 3419 putat
570 3343 653 3400 metri
685 3342 854 3399 necessitate
884 3347 1026 3398 extortam
1054 3360 1117 3399 esse
1147 3343 1277 3421 imperito

208 3445 402 3504 versificatori.
446 3424 585 3505 monstrat
615 3448 692 3504 enim
714 3446 885 3525 pentametri
911 3446 1096 3505 conformatio
1119 3445 1279 3523 elegantiae

208 3551 425 3624 affectationem,
438 3570 534 3630 neque
543 3551 709 3631 ubicunque
722 3551 840 3610 alterius
851 3552 974 3631 exempli
985 3552 1113 3631 perfecta
1122 3550 1278 3610 similitudo

296 3786 317 3853 1)
339 3789 415 3850 Quod
440 3792 487 3840 alii
513 3792 564 3840 huc
587 3794 703 3841 referunt
726 3791 809 3839 Thac.
827 3790 870 3839 III
888 3790 934 3854 34,
958 3792 1053 3840 rectius
1071 3791 1118 3840 illo
1137 3791 1197 3840 loco
1215 3806 1277 3840 aaa·

209 3879 334 3927 coluthon
355 3880 503 3942 intellegas,
527 3895 588 3928 nam
613 3881 724 3944 scriptor
746 3880 890 3928 orationem
908 3879 945 3928 ite
963 3879 1143 3943 conformavit,
1159 3887 1189 3927 ut
1206 3881 1277 3929 inco-

209 3968 299 4015 hatam
321 3961 485 4017 structuram
500 3969 654 4031 interposito
678 3969 793 4018 membro
817 3982 923 4031 prorsus
946 3969 1094 4031 neglegeret
1117 3976 1144 4017 et
1168 3984 1185 4016 a
1208 3983 1276 4016 novo

208 4056 283 4117 quasi
303 4057 377 4105 initio
396 4058 567 4107 exordiretur.
