3034 4675
664 304 878 368 ..59-

240 479 287 532 ‘te’
313 475 388 533 eninr
418 474 465 532 hic
496 474 626 532 similiter
654 476 730 534 inter
752 482 857 553 ‘neque
884 479 1013 534 munera'
1035 476 1234 554 interpositum
1257 485 1308 548 est,

242 599 306 638 cunr
329 579 470 659 particule
490 578 527 637 ad
550 599 708 658 pronomen
730 581 846 640 omnino
867 582 984 640 nonsit
1004 579 1198 661 referenda1).

358 880 441 961 §a
491 864 758 981 Figursqua‘o
790 883 930 960 dicitnr
962 882 1033 957 ἀπὸ
1060 894 1189 958 κοινοῦ.

325 1072 511 1133 Grammatici
532 1073 608 1131 hanc
628 1074 851 1153 appellationem
866 1070 1057 1153 praetendere
1077 1075 1168 1147 soliti,
1191 1074 1310 1132 ubicun-

240 1198 298 1258 que
326 1182 357 1237 in
385 1178 534 1238 enuntiato
562 1186 613 1237 aut
642 1181 779 1238 orationis
808 1180 937 1239 membro
966 1200 1003 1238 ex
1024 1181 1115 1239 altero
1136 1178 1244 1258 aliquid
1268 1187 1311 1237 est

240 1284 450 1364 supplendum,
481 1286 567 1342 etiem
590 1286 630 1342 eis
652 1284 722 1343 locis
749 1286 915 1364 proferunt,
947 1286 1052 1364 quibus
1075 1304 1091 1343 e
1112 1288 1207 1364 priore
1228 1295 1310 1364 parte

238 1392 376 1449 orationis
388 1388 559 1449 vocabulum
581 1392 612 1448 in
632 1393 793 1470 proximam
814 1383 911 1449 niente
924 1401 968 1448 est
987 1390 1200 1449 retrahendum.
1235 1390 1310 1448 hano

172 1505 177 1518 ‘
239 1504 335 1554 autem
364 1494 478 1558 dicendi
506 1497 646 1554 rationem
674 1496 711 1554 ab
740 1495 902 1575 hyperbato
933 1515 994 1554 esse
1016 1494 1224 1565 excludendam
1246 1496 1310 1574 per·
1387 1541 1389 1552 ,

241 1603 370 1681 spicuam
393 1608 444 1674 est,
468 1620 533 1660 cum
555 1603 660 1660 rectius
682 1602 791 1680 ellipsis
813 1604 985 1661 nominetur.
1025 1600 1146 1682 perinde
1167 1600 1247 1659 nulla
1268 1609 1312 1657 est

239 1708 376 1779 traiectio,
399 1705 450 1764 ubi
465 1726 522 1765 vox
536 1727 612 1785 quae
632 1707 670 1766 ad
689 1705 760 1766 duas
774 1708 860 1765 simul
880 1710 1038 1767 sententiae
1059 1717 1155 1786 partes
1177 1707 1310 1785 pertinet,

241 1814 271 1869 in
292 1812 350 1870 fine
371 1811 488 1870 alterius
510 1813 630 1871 membri
653 1820 696 1870 est
717 1815 826 1891 posita3
850 1833 907 1891 quo
930 1812 1081 1872 referenda
1099 1820 1165 1871 sunt
1187 1810 1311 1889 plurima

241 1916 381 1995 exempla,
405 1937 481 1995 quae
503 1918 627 1976 Haasius
649 1917 690 1999 (V
692 1918 775 1978 orles.
798 1918 870 1977 iiber
891 1899 940 1975 lat.
964 1918 1113 1997 Sprachw.
1135 1917 1267 1992 herausg.
1281 1934 1309 1973 v.

240 2022 379 2080 Eekstein
390 2022 406 2080 I
417 2043 445 2100 p.
458 2023 532 2104 203)
545 2022 599 2081 sub
610 2023 693 2081 titulo
705 2023 814 2100 figurae
825 2021 884 2081 ἀπὸ
902 2031 1002 2082 κοινοῦ
1012 2023 1140 2082 contulit.
1161 2029 1311 2100 praeterea

239 2127 277 2186 ab
288 2127 343 2186 hac
356 2130 595 2187 commentatione
607 2128 702 2187 aliena
715 2137 784 2187 sunt
797 2128 945 2207 complura
958 2148 1065 2201 eorum,
1078 2126 1115 2185 dc
1132 2126 1238 2206 quibus
1254 2122 1310 2183 dis-

241 2235 352 2311 putavit
373 2232 529 2291 Mehlhorn
558 2234 723 2315 (schematis
744 2232 805 2292 ἀπὸ
833 2241 932 2292 κοινοῦ
959 2235 1031 2293 ratio
1054 2243 1083 2291 et
1103 2251 1172 2291 usus
1193 2229 1311 2310 quidam

241 2341 272 2396 in
297 2338 408 2398 Graeca
437 2336 554 2416 lingua,
583 2339 698 2417 Glogau
723 2340 827 2422 1833).
872 2343 996 2400 maxime
1016 2361 1084 2399 vero
1113 2336 1152 2397 ad
1176 2356 1310 2417 praesen·

241 2453 300 2503 tem
321 2445 517 2522 quaestionem
547 2445 680 2505 conducit
704 2442 860 2527 disputatio
882 2467 969 2526 quam
993 2448 1122 2511 instituit,
1145 2442 1312 2520 Koldewey

242 2550 289 2608 die
299 2550 408 2626 Figura
420 2548 480 2607 ἀπὸ
489 2558 589 2609 κοινοῦ
598 2550 647 2609 bei
657 2551 718 2610 Cat.
728 2550 796 2610 Tib.
804 2552 891 2632 Prop.
899 2573 926 2610 u.
938 2553 1009 2611 Hor.
1025 2551 1163 2611 Zeitschr.
1172 2551 1191 2608 f.
1200 2549 1309 2627 Gymn.

245 2660 322 2717 1877
347 2676 376 2735 p.
391 2661 450 2717 377
467 2673 531 2733 sqq.
571 2676 646 2735 quae
663 2657 749 2734 vulgo
769 2660 860 2735 vigitur
881 2657 986 2717 dicitur
1006 2657 1099 2734 figura
1120 2654 1179 2714 ἀπὸ
1201 2660 1310 2732 κοινοῦ,

241 2781 294 2820 nos
309 2780 372 2818 eam
387 2759 580 2819 collocationis
595 2765 717 2841 speciem
732 2763 920 2842 appellamus,
940 2783 998 2842 qua
1017 2762 1177 2821 membrum
1199 2758 1311 2817 duabus

242 2863 379 2924 orationis
398 2864 528 2942 partibus
548 2884 699 2926 commune
720 2870 760 2925 ita
782 2876 825 2926 est
846 2869 978 2947 positum,
1003 2877 1036 2926 ut
1051 2866 1209 2946 vposteriori
1229 2881 1310 2942 prae·

242 2973 354 3049 figatur.
389 2969 473 3029 video
487 2971 642 3029 nonnullos
658 2974 828 3052 interpretes
850 2975 989 3050 originem
1011 2973 1096 3030 huius
1117 2969 1310 3028 collocationis

241 3079 440 3158 perquirentes
460 3076 576 3155 ellipsin
598 3075 744 3155 quandam
766 3080 797 3135 in
820 3097 853 3135 ea
875 3076 1114 3157 deprehendisse,
1137 3094 1201 3132 cnm
1224 3071 1315 3140 collos

241 3186 315 3242 catio
337 3185 378 3242 ita
399 3190 475 3242 esset
495 3182 578 3254 facta
602 3183 684 3261 quasi
706 3181 751 3240 bis
772 3181 886 3241 adesset
907 3181 1027 3241 verbum
1041 3180 1101 3239 ἀπὸ
1116 3186 1215 3240 κοινοῦ
1235 3178 1309 3255 posi·

243 3298 313 3362 tum,
330 3298 360 3347 et
373 3291 404 3347 in
424 3287 483 3346 fine
496 3289 599 3366 prioris
615 3295 643 3344 et
658 3288 739 3345 initio
754 3289 920 3368 posterioris
934 3286 1064 3346 membri.
1087 3284 1140 3345 sed
1154 3281 1311 3343 eorundem

242 3392 443 3452 vocabulorum
465 3394 664 3472 repetitionem
686 3391 841 3452 admodum
861 3390 1029 3469 languidam
1050 3401 1080 3451 et
1100 3388 1233 3468 frigidam
1252 3409 1310 3446 om-

242 3502 310 3558 nino
333 3501 383 3558 vix
403 3499 542 3557 ferremus
563 3517 659 3576 neque
681 3497 717 3557 de
746 3499 801 3557 hac
822 3499 942 3576 ambage
967 3495 1211 3576 circumloquendi
1233 3496 1311 3573 quis·

241 3598 330 3684 'quam
352 3603 481 3665 Graecus
510 3605 644 3680 cogitavit
673 3614 705 3663 ut
726 3624 780 3663 nec
801 3606 931 3663 Latinus.
976 3606 1103 3662 continet
1124 3611 1219 3661 autem
1241 3601 1312 3658 haec

331 3823 352 3890 1)
378 3827 415 3876 Vt
438 3840 498 3875 cum
524 3824 624 3875 Graeco
646 3826 794 3890 Latinoque
817 3841 936 3876 sermone
960 3826 1148 3888 coniungamus
1170 3824 1310 3886 aliquando

243 3918 335 3965 utilem
354 3916 463 3965 fortasse
485 3913 655 3964 Germanicae
674 3915 779 3978 linguae
798 3915 1026 3978 comparationem,
1045 3915 1220 3963 adscribamus
1238 3912 1335 3961 Wal?

243 4005 311 4053 tbcn'
328 4005 409 4052 nostri
427 4005 507 4052 verba
525 4005 675 4053 eearmine
698 4004 862 4053 limatissimo
881 4020 905 4067 p.
927 4004 968 4064 39,
988 4006 1018 4054 15
1042 4004 1148 4053 Lachm.
1183 4005 1215 4051 da
1233 4010 1313 4065 muffet

242 4097 266 4143 ir
285 4096 373 4143 aindas
391 4093 476 4142 achina
492 4095 557 4143 brida
572 4094 702 4157 patrocimo
724 4095 834 4142 bloomon
852 4096 917 4142 unde
934 4110 1000 4156 prae.
1037 4092 1189 4153 congruenti
1207 4090 1310 4139 ratione

242 4182 311 4230 dixit
331 4184 476 4230 Hartmann
497 4183 524 4230 in
543 4182 657 4230 carmine
673 4162 763 4229 Iwein.
789 4197 813 4229 ν.
834 4183 907 4232 1010.
