3034 4675
646 242 857 306 477-

212 416 229 474 Ι
251 416 279 485 6,
303 416 342 471 43
364 411 418 469 hoc
447 411 562 470 schema
593 413 739 472 nonnullis
763 414 832 472 locis
854 412 1028 474 abiudicavit
1050 423 1079 472 et
1099 407 1283 492 hyperbaton

211 518 421 575 coniunctionis
444 523 518 595 ‘que’
547 517 704 592 intellexit,
740 520 872 579 refellere
900 518 1109 594 supersedebo,
1140 539 1178 577 ne
1207 518 1285 577 dicar

212 622 327 681 deserta
350 630 442 681 castra
466 642 642 700 expugnare.
678 624 800 684 eandem
822 627 958 684 orationis
979 626 1232 684 conformationem
1255 627 1285 683 in

214 728 328 786 Horatii
356 728 419 787 loco
446 731 628 789 vexatissimo
651 728 735 805 epod.
762 738 789 803 5,
814 736 851 792 87
874 750 918 810 sq.
949 733 1089 790 contineri
1116 751 1284 807 persuasum

215 834 324 905 habeo,
355 854 530 914 quamquam
550 835 694 913 quomodo
717 834 914 895 emendandus
936 839 985 908 sit,
1016 835 1145 896 nondum
1171 840 1285 915 assequi
1317 833 1322 838 ’

195 947 371 1013 potuerunt
392 938 522 998 homines
543 940 714 1001 nobilissimi
736 951 814 1000 certa
829 950 857 1000 et
875 941 912 1000 ab
935 944 1013 1001 omni
1032 953 1115 1019 parte
1135 951 1198 1001 tuta
1219 963 1285 1001 con-

215 1046 340 1118 iectura3
374 1046 483 1103 incerta
513 1055 609 1104 autem
645 1048 693 1105 hic
724 1055 820 1105 tacere
847 1049 936 1106 satius
963 1058 1017 1107 ,est
1069 1051 1152 1107 tertio
1181 1047 1286 1107 deinde

216 1149 344 1209 membro
365 1149 485 1209 verbum
508 1150 567 1209 ἀπὸ
589 1158 689 1211 κοινοῦ
709 1154 873 1227 appositum
896 1163 939 1211 est
958 1154 1284 1233 Prop.11124,ilsq.

215 1274 312 1334 neque
340 1258 463 1331 prosaici
488 1259 641 1333 scriptores
670 1258 744 1316 hanc
765 1258 847 1317 verbi
872 1258 1087 1318 collocationem
1108 1271 1286 1335 spreverunt,

215 1360 252 1419 cf.
276 1361 345 1419 Sall.
369 1360 453 1420 Catil.
475 1367 524 1435 30,
547 1370 562 1421 7
573 1385 581 1437 ς
610 1362 661 1421 sed
688 1373 837 1439 poetarum
868 1364 922 1421 hac
952 1366 982 1421 in
1004 1383 1035 1422 rc
1056 1363 1175 1424 libertas
1196 1367 1286 1425 multo

217 1469 309 1525 maior
329 1485 383 1524 nec
395 1487 483 1546 quam
504 1471 657 1544 scriptores
679 1472 795 1528 omnino
809 1471 923 1547 assequi
937 1470 1055 1544 possint.
1092 1471 1128 1533 cf.
1145 1470 1198 1530 Ov.
1214 1475 1286 1530 trist.

216 1572 260 1633 lv
281 1565 333 1646 to,
360 1578 415 1634 131
440 1592 496 1652 sq„

347 1696 408 1758 sive
426 1700 531 1773 favone
552 1696 617 1772 inii,
641 1696 702 1759 cive
723 1697 801 1758 banc
822 1718 876 1777 eqo
897 1699 1033 1760 carmine
1053 1697 1172 1777 fonicon

424 1801 501 1876 iure,
523 1801 580 1863 tibi
596 1814 709 1883 peotes,
732 1802 870 1876 candide,
894 1802 996 1877 lector,
1020 1824 1086 1884 cqc.

219 1938 292 1996 illud
316 1939 395 1997 ‘iure'
419 1960 469 2011 eo,
500 1939 577 2019 quod
603 1943 695 2017 magis
724 1940 854 1999 differtur
882 1950 911 1999 et
937 1943 968 1999 in
995 1942 1137 2017 principio
1166 1941 1291 2016 proximi

220 2064 319 2104 versus
340 2047 465 2122 positum
488 2054 539 2118 est,
562 2049 705 2104 contrario
727 2066 779 2105 suo
802 2047 916 2105 ‘favore'
933 2047 1118 2105 vehementer
1136 2047 1291 2122 opponitur

222 2159 251 2209 et
268 2152 428 2227 graviorem
450 2153 636 2229 consequitur
656 2160 812 2210 accentum.
856 2152 1011 2211 notabilem
1032 2152 1118 2210 huius
1139 2152 1291 2230 schematis

218 2259 345 2333 speciem
359 2255 505 2330 Hauptiue
520 2259 550 2314 in
565 2276 660 2332 opusc.
679 2261 709 2320 II
724 2277 752 2332 p.
769 2264 808 2318 60
824 2278 888 2336 sqq,
918 2260 1027 2333 primus
1042 2258 1188 2315 constituit
1202 2257 1290 2331 Prop.

221 2368 267 2428 III
290 2368 338 2436 32,
365 2369 402 2424 33
425 2383 489 2442 sqq.

349 2487 419 2570 epea
439 2485 552 2561 Venno,
575 2487 713 2570 quamvis
733 2497 880 2571 correpta
900 2485 1022 2548 libidine
1040 2485 1163 2559 Mortis,

393 2613 446 2653 nec
467 2592 567 2654 minna
589 2592 622 2654 in
644 2591 725 2654 caelo
749 2612 869 2674 semper
890 2592 1014 2655 honesta
1035 2589 1104 2665 fnit,

351 2697 489 2783 quamvis
510 2697 573 2759 Irin
588 2698 699 2779 polam
718 2708 877 2782 pastorem
900 2696 980 2759 dicat
1003 2717 1121 2758 amasse

395 2811 482 2885 etque
504 2802 583 2887 inter
602 2805 732 2885 pecudes
753 2804 926 2865 accubuisse
946 2787 1046 2864 dcam.

222 2942 403 2999 enuntiatum
419 2943 504 3014 enim,
518 2940 595 3020 quod
610 2954 695 3001 versu
711 2950 747 3004 34
764 2947 935 3014 continetur,
952 2942 1082 3020 quamvis
1104 2941 1220 3014 proprie
1243 2941 1292 3008 eis,

223 3066 300 3126 quae
327 3045 518 3123 praecedunt,
547 3045 764 3124 adiungendum
793 3050 845 3119 sit,
876 3047 1062 3126 sequentibus
1091 3044 1186 3103 verbis
1213 3063 1294 3118 prae·

224 3151 314 3209 fixum
343 3161 394 3210 est.
440 3151 496 3210 hoc
522 3161 619 3210 autem
647 3154 783 3211 orationis
809 3153 923 3210 schema
948 3172 1012 3209 curn
1034 3172 1094 3208 non
1114 3159 1191 3208 recte
1212 3149 1294 3207 intel-

226 3258 356 3334 legerent
376 3257 502 3330 librarii,
533 3260 618 3317 variis
647 3258 739 3317 modis
767 3267 878 3316 mutare
907 3255 1079 3314 studuerunt
1100 3264 1128 3313 et
1149 3257 1180 3313 in
1202 3257 1295 3330 ipsum

224 3362 351 3421 codicem
367 3361 598 3437 Neapolitanum,
616 3366 666 3442 qui
688 3365 789 3422 ceteris
810 3364 905 3420 minus
926 3363 1134 3457 contaminatus
1156 3368 1198 3418 est
1221 3367 1296 3418 ‘con-

226 3470 314 3528 stanti
343 3468 392 3527 illo
422 3467 560 3527 Italorum
594 3468 766 3528 emendandi
798 3466 914 3539 studio',
944 3466 1127 3541 interpolatio
1159 3467 1297 3541 surrepsit

229 3577 301 3650 ‘ipsa
321 3574 422 3633 Venus
447 3575 538 3633 fertur
566 3583 700 3651 corrupta
728 3573 848 3633 libidine
876 3571 998 3630 Martis'.
1047 3573 1157 3629 etiamsi
1185 3570 1298 3628 nullum

226 3690 393 3758 suppeteret
421 3683 562 3755 comparis
591 3682 727 3740 orationis
755 3678 935 3754 exemplum,
965 3677 1002 3735 ab
1033 3678 1111 3735 omni
1139 3678 1298 3733 mutatione

227 3787 358 3846 lectionis
381 3788 528 3865 ‘quamvis'
552 3785 756 3845 abstinendum
782 3804 843 3843 esse
864 3782 1023 3854 videretur,
1048 3800 1085 3839 ne
1106 3789 1224 3856 poetae,
1247 3782 1298 3857 qui

132 3904 136 3909 ’
230 3896 261 3952 in
281 3894 337 3952 hac
358 3895 469 3951 ratione
491 3891 658 3951 insolentior
672 3900 723 3963 est,
747 3911 829 3949 suam
851 3889 1022 3965 elegantiam
1044 3889 1226 3961 eriperemus
1257 3894 1298 3941 at·

230 4001 282 4078 qui
311 4002 446 4075 suppetit.
495 4017 562 4056 nam
591 3997 676 4055 simili
709 3996 828 4054 artificio
859 3997 1015 4053 orationem
1044 3992 1156 4049 ornavit
1177 3987 1298 4047 Ovidius

231 4113 298 4164 met.
320 4109 378 4168 VII
402 4110 439 4165 79
456 4124 519 4183 sqq.
1074 4091 1077 4095 ¹
