3034 4675
1249 266 1709 330 —189—

402 434 736 513 praebuisse
793 444 1150 515 potestatem.
1237 444 1413 515 atque
1465 439 1514 495 si
1573 437 1845 497 Plautum
1906 448 1963 497 et
2006 439 2344 498 Terentium
2392 459 2543 499 com-

402 541 712 617 paraveris,
761 540 1050 618 quomodo
1095 541 1169 600 ab
1208 542 1314 600 hac
1342 551 1508 620 parte
1536 540 1817 617 differant,
1850 544 2013 603 illum
2042 546 2296 603 invenies
2329 547 2544 604 maiore

402 644 667 703 libertate
722 646 837 703 frui
890 665 1066 724 quam
1121 646 1461 706 Terentium
1478 693 1493 719 ,
1554 647 1899 728 exemplaris
1965 651 2143 708 instar
2187 650 2540 709 Graecorum

402 748 722 808 comoedias
766 753 1102 816 imitantem.
1170 762 1228 812 et
1255 761 1410 811 certe
1438 752 1698 826 Plautus,
1745 773 1875 812 cum
1919 754 2261 834 plerumque
2304 774 2337 813 e
2379 758 2538 815 cotti-

402 854 560 919 diani
601 858 880 915 sermonis
931 856 1345 917 consuetudine
1402 857 1717 937 simplicem
1771 858 2077 919 verborum
2135 859 2395 919 ordinem
2451 881 2538 920 se-

401 970 628 1039 quatur,
673 982 1096 1041 nonnunquam
1137 961 1482 1023 difficiliores
1526 966 1891 1023 traiectiones
1944 964 2209 1037 exhibet,
2269 984 2421 1043 quae
2463 965 2537 1024 ad

396 1066 771 1146 politissimae
813 1070 1016 1127 aetatis
1058 1067 1364 1127 audaciora
1409 1069 1675 1147 exempla
1717 1072 1978 1148 proxime
2020 1068 2309 1131 accedant.

567 1173 649 1229 At
705 1192 832 1232 cum
898 1182 1199 1253 poetarum
1257 1172 1784 1257 Alexandrinorum
1842 1176 2095 1233 carmina
2152 1177 2371 1235 Romae
2427 1176 2537 1235 fre-

398 1286 643 1355 quenter
693 1278 937 1337 lectitari
1003 1286 1204 1359 coepta
1259 1288 1480 1351 essent,
1550 1282 1721 1338 etiam
1789 1282 1851 1339 in
1921 1280 2112 1339 verbis
2184 1280 2526 1339 collocandis

397 1384 580 1441 maior
619 1383 851 1443 licentia
893 1383 1063 1442 simul
1107 1393 1164 1443 et
1207 1383 1492 1460 elegantia
1534 1385 1888 1464 percrebruit
1916 1404 2182 1463 novaque
2227 1386 2530 1463 hyperbati

393 1507 608 1563 genera
664 1487 740 1546 ad
798 1498 1096 1568 poetarum
1157 1510 1325 1547 usum
1363 1499 1498 1549 sunt
1542 1489 1751 1553 delata.
1831 1492 1888 1548 A
1932 1491 2145 1550 Catulli
2188 1491 2306 1551 fere
2350 1507 2534 1551 aetate

394 1597 754 1668 cognoscitur
810 1593 953 1652 illud
1009 1593 1290 1667 studium,
1354 1595 1737 1669 Graecorum,
1798 1599 2135 1676 praesertim
2186 1596 2530 1655 Alflmnziri„

394 1718 629 1773 norum,
690 1702 943 1759 insuetas
1009 1700 1416 1760 vocabulorum
1483 1704 1965 1778 transgressiones
2030 1701 2310 1763 imitandi.
2402 1703 2534 1759 inde

395 1803 769 1882 explicandae
826 1814 960 1863 sunt
1015 1808 1077 1863 in
1128 1807 1326 1884 primis
1384 1806 1706 1866 celebratae
1761 1807 1896 1866 illae
1948 1809 2326 1867 seiunctiones
2370 1831 2530 1887 prae

342 1896 347 1901 ⁸
393 1911 759 1986 positionum,
807 1929 950 1988 quas
985 1912 1206 1990 priores
1244 1919 1450 1991 poetae
1493 1921 1722 1991 praeter
1764 1931 1934 1990 quam
1981 1914 2043 1969 in
2089 1913 2526 1971 obtestatinumn

393 2013 651 2072 formulis
694 2014 1001 2073 admodum
1047 2036 1176 2074 raro
1220 2036 1256 2073 a
1299 2035 1434 2075 casu
1479 2016 1799 2075 distrahere
1841 2014 2134 2092 solebantr,
2183 2019 2314 2075 inde
2362 2023 2530 2091 pau-th

393 2119 558 2177 culae
600 2123 915 2179 conexivae
941 2124 1023 2204 ⁸in
1080 2119 1332 2180 medium
1377 2124 1691 2180 orationem
1742 2124 2073 2201 saepissime
2115 2130 2526 2203 transpositimg

391 2222 648 2282 indidem
706 2225 1059 2284 consuetudo
1102 2225 1278 2285 verba
1334 2236 1409 2304 ad
1474 2227 1804 2307 bipartitam
1863 2230 2179 2286 orationem
2237 2231 2326 2287 vel
2390 2231 2530 2287 [luas

390 2333 703 2391 sententias
744 2334 1091 2412 pertinentia
1134 2334 1215 2392 ita
1257 2331 1618 2408 disponendi,
1666 2343 1730 2392 ut
1771 2332 1936 2390 alteri
1981 2332 2107 2406 hoc,
2167 2333 2330 2392 alteri
2382 2335 2522 2391 illud

388 2436 726 2511 assignetur,
760 2440 930 2496 etiam
961 2439 1200 2515 figuram
1246 2438 1364 2497 ἀπὸ
1405 2447 1607 2498 κοινοῦ
1647 2437 2062 2498 Alexandrinis
2104 2441 2526 2499 usitatissimam

388 2541 557 2600 huius
596 2545 723 2601 aevi
766 2553 970 2623 poetae
1012 2546 1343 2624 saepissime
1386 2553 1445 2602 et
1487 2544 1866 2603 audacissime
1894 2543 2270 2619 adsciverunt3
2306 2555 2370 2603 ut
2402 2547 2526 2603 [niun

388 2646 798 2706 iucunditatem
859 2658 916 2707 et
970 2653 1211 2726 gratiam
1268 2658 1773 2728 consequerentur.
1871 2648 2081 2708 deinde
2145 2653 2394 2729 primarii
2470 2663 2522 2707 et

387 2752 710 2811 secundarii
773 2757 1053 2813 enuntiati
1110 2755 1338 2832 singula
1395 2753 1651 2813 membra
1692 2756 1849 2813 vario
1894 2754 2063 2814 modo
2110 2757 2257 2813 inter
2302 2775 2362 2811 su.
2410 2771 2526 2811 tur-

389 2858 628 2935 barunt3
678 2861 737 2917 in
779 2859 1148 2919 substantivis
1191 2868 1383 2917 autem
1422 2879 1735 2938 eorumque
1764 2860 2053 2918 attributis
2084 2859 2522 2939 transpmu=mli2÷

385 2972 568 3022 certas
647 2962 924 3043 quasdam
994 2964 1268 3023 formulas
1340 2967 1594 3023 numeris
1656 2974 1879 3045 aptatas
1934 2967 1996 3022 in
2051 2968 2518 3024 consuetudini-111

385 3067 740 3128 commodam
769 3079 1082 3128 verterunt.
1133 3068 1385 3146 denique
1417 3077 1476 3127 et
1504 3072 1686 3148 ipsam
1716 3078 2034 3128 structurae
2060 3072 2518 3149 perspicuum-mn

385 3184 443 3232 et
471 3173 834 3247 evidentiam,
865 3174 1395 3234 Alexandrinorum
1424 3177 1665 3251 vestigia
1696 3177 1757 3233 in
1785 3177 1984 3255 primis
2013 3188 2350 3253 prement-ea
2406 3200 2518 3232 ver—

384 3280 585 3339 borum
643 3283 976 3357 traiectione
1035 3281 1294 3340 consulto
1352 3280 1761 3361 perdiderunt,
1823 3288 1889 3338 ut
1938 3280 2209 3339 lectorem
2253 3288 2518 3360 supinum

383 3405 568 3465 paene
609 3385 831 3474 laqueis
874 3386 1116 3446 subdole
1157 3390 1384 3446 structis
1429 3390 1736 3446 irretirent.
1827 3395 2003 3465 atque
2045 3389 2089 3444 si
2137 3392 2514 3445 receuti-mm]

380 3501 680 3569 poetarum
720 3491 1059 3550 Latinorum
1103 3491 1680 3553 consuetudinem.in
1723 3494 2050 3553 universum
2089 3491 2514 3570 perlustramus„

379 3596 532 3656 ultra
559 3596 703 3655 fines
727 3597 803 3654 ab
825 3595 1237 3656 Alexandrinis
1267 3600 1604 3657 constitutos
1624 3599 1965 3677 processisse
1995 3596 2262 3655 videntur
2294 3600 2514 3656 illorum

377 3710 716 3774 sectatoreS‚
778 3701 936 3781 quod
994 3712 1217 3762 constat
1264 3703 1605 3784 plerumque
1648 3723 1756 3762 usu
1798 3705 2009 3762 venire.
2084 3704 2334 3761 omniurn
2390 3724 2518 3760 mern

378 3827 634 3867 summus
678 3807 885 3866 artifex
930 3811 988 3866 in
1032 3808 1222 3881 rebus,
1266 3829 1417 3887 quae
1445 3820 1698 3868 nostram
1728 3830 1957 3868 causam
1986 3811 2290 3885 attingunt,
2334 3816 2510 3868 vestitit

379 3912 636 3988 Ovidius,
671 3913 1076 3992 quipeculiari
1104 3913 1352 3992 quadam
1381 3914 1622 3974 audacia
1650 3918 1711 3974 in
1732 3914 1922 3973 verbis
1953 3915 2274 3974 traiciendis
2306 3920 2510 3972 inite-Q:

377 4019 489 4090 illi,
537 4040 652 4099 quo
700 4018 1019 4077 distinctior
1057 4028 1180 4078 erat
1222 4019 1530 4078 verborum
1580 4023 1936 4093 consecutiO,
2005 4041 2069 4079 eo
2116 4023 2298 4098 magis
2342 4024 2510 4088 *lin-im

375 4120 681 4181 videbatur
724 4124 1055 4184 imitatione.
1131 4124 1260 4196 huc,
1307 4134 1370 4182 ut
1407 4145 1585 4183 unum
1632 4124 1934 4185 dumtaxat
1974 4137 2230 4206 repetam
2266 4148 2510 4184 tumnen-
