3034 4675
647 311 690 320 ..
735 276 772 339 11
818 313 861 320 -.

215 447 376 505 sententiae
404 441 491 504 valde
521 446 596 503 inter
624 464 656 503 se
684 454 824 522 cognatae
853 466 906 506 nos
933 446 1041 507 diutius
1070 459 1289 508 commorentur.

216 552 323 609 etenim
344 550 417 608 nihil
440 548 594 627 proficiunt
614 549 652 607 ad
682 550 906 628 intellegendam
927 552 1092 628 linguarum
1106 552 1241 613 indolem
1262 562 1291 612 et

215 653 254 712 ed
281 653 511 731 cognoscendam
539 662 689 732 poetarum
718 655 749 711 in
770 652 866 712 verbis
887 656 1109 736 transponendis
1129 657 1288 716 audaciam.

215 758 388 838 quidquod
419 759 576 819 extiterunt
605 761 691 817 etiam
721 760 798 816 inter
824 763 1024 835 grammaticos
1053 762 1117 822 illos
1139 764 1190 842 qui
1214 764 1290 821 hanc

216 862 372 943 hyperbati
393 864 514 940 liguram
535 861 715 935 damnarent,
738 864 822 941 quasi
843 865 945 923 vitium
966 867 1066 925 esset?
1102 867 1186 940 nihil,
1209 876 1288 947 puto,

217 971 258 1026 eis
280 968 407 1028 suboluit
427 967 464 1026 de
486 968 571 1027 huius
587 967 782 1047 dispositionis
804 977 908 1027 natura
928 978 1017 1048 atque
1031 974 1069 1029 vi.
1105 974 1204 1049 itaque
1224 970 1289 1032 illos

216 1093 276 1132 non
297 1074 354 1131 iam
375 1092 461 1147 euro;
491 1080 523 1131 tu
544 1075 669 1151 inspice,
699 1075 724 1132 si
752 1073 863 1152 placet,
886 1073 1065 1133 Volkmanni
1086 1076 1192 1135 librum
1213 1076 1289 1135 Rhe·

216 1177 293 1237 torik
315 1176 367 1236 der
388 1176 535 1238 Griechen
556 1175 618 1236 und
634 1179 741 1237 Rbmer
762 1200 792 1257 p.
818 1182 877 1238 372
899 1198 943 1256 sq.

302 1284 338 1341 In
367 1281 621 1360 scholiis-quoque
649 1281 727 1341 haud
757 1284 798 1340 ita
826 1301 891 1341 raro
921 1284 1014 1359 figura
1036 1284 1191 1363 hyperbati
1215 1304 1290 1344 com-

220 1395 402 1459 memoratur,
419 1406 484 1445 cum
498 1386 555 1445 tale
569 1387 639 1465 quid
656 1388 771 1466 saepius
786 1396 931 1448 occurrat:
952 1388 1123 1470 ὑπερβατὸν
1139 1386 1181 1471 δὲ,
1204 1389 1291 1470 ὕπερ-

216 1495 320 1569 flator
349 1488 480 1572 εἴρηται,
511 1489 542 1550 ἓν
556 1490 740 1574 ’ὑπερβατῷ,
770 1492 806 1551 τὸ
835 1490 868 1551 δὲ
896 1486 962 1569 ἑξῆς
992 1491 1101 1569 αὕτως,
1128 1493 1179 1552 διὰ
1199 1493 1292 1572 μέσου
1404 1553 1406 1556 .

218 1596 348 1672 τίθεται,
378 1597 490 1656 similia.
534 1606 622 1675 atque
650 1600 682 1655 in
706 1598 752 1656 his
775 1597 1058 1676 interpretationibus
1080 1598 1225 1662 interdum
1246 1620 1292 1658 ae-

217 1700 303 1775 cidit,
333 1710 367 1759 ut
394 1703 522 1761 traiectio
551 1702 703 1762 verborum
733 1710 891 1776 statuatur,
923 1722 999 1781 quae
1020 1703 1100 1761 nullo
1122 1712 1206 1782 pacto
1228 1705 1291 1764 fieri
1326 1679 1330 1686 .

218 1809 316 1886 possit.
350 1808 513 1886 speciminis
534 1807 597 1867 loco
619 1808 654 1865 cf.
677 1807 809 1868 scholion
830 1807 868 1866 ad
889 1807 978 1887 Soph.
1001 1806 1036 1866 O.
1060 1808 1092 1867 O.
1115 1828 1142 1865 v.
1169 1814 1217 1869 71.
1254 1810 1291 1867 si-

218 1911 323 1986 militer
344 1912 498 1991 hyperbati
523 1914 640 1971 nomine
661 1911 790 1972 abutitur
816 1911 946 1972 scholion
966 1912 1006 1971 ad
1025 1912 1148 1972 Theocr.
1172 1913 1226 1986 IV,
1251 1919 1290 1975 39

212 2015 299 2099 ¹(vide
321 2017 443 2097 Hauptii
465 2037 512 2096 op.
535 2018 576 2091 II,
599 2016 685 2097 467).
724 2018 797 2075 haee
819 2018 915 2077 omnia
937 2019 1066 2075 nuncin
1087 2016 1183 2075 medio
1205 2013 1290 2075 relin-

220 2142 349 2201 quamus,
373 2142 438 2182 cum
448 2122 543 2181 'nobis
564 2122 651 2198 longe
664 2120 722 2180 alia
735 2124 783 2179 via
804 2119 1020 2201 procedendum
1034 2124 1079 2180 sit.
1115 2120 1188 2181 illud
1203 2142 1292 2181 unum

218 2200 411 2306 praemonebo
446 2246 493 2286 me
525 2226 709 2306 hyperbaton
740 2226 908 2302 intellegere
941 2244 1055 2285 omnem
1087 2226 1292 2286 vocabulorum

219 2333 486 2412 transpositionem,
520 2353 579 2411 qua
611 2331 700 2391 verba
731 2331 847 2391 vinculo
883 2331 981 2412 aliquo
1014 2340 1076 2390 arte
1108 2331 1292 2392 cohaerentia
1398 2335 1400 2341 ’

219 2435 419 2496 distrahuntur
445 2444 534 2516 atque
563 2437 686 2516 simplex
713 2437 911 2517 naturalisque
940 2436 1010 2497 ordo
1032 2439 1185 2496 invertitur
1208 2436 1293 2495 etad

219 2538 314 2601 minus
335 2544 469 2601 usitatam
485 2541 645 2601 deflectitur
659 2542 885 2603 collocationem.
917 2545 1017 2621 itaque
1038 2540 1095 2600 illis
1116 2562 1176 2599 non
1197 2560 1293 2600 assen-

218 2648 290 2719 tior,
324 2648 376 2724 qui
409 2649 483 2707 inter
515 2649 707 2706 inversionem
737 2657 767 2706 et
795 2646 978 2726 hyperbaton
1010 2644 1121 2724 aliquid
1152 2648 1292 2706 interesse

217 2750 319 2810 volunt
341 2750 389 2831 (ef.
412 2752 450 2810 H.
474 2753 595 2829 Eggers.
620 2751 661 2811 de·
678 2750 780 2810 ordine
803 2761 831 2810 et
852 2752 951 2829 figuris
973 2751 1080 2831 quibus
1102 2752 1241 2809 Horatius
1263 2753 1293 2809 in

219 2855 394 2915 carminibus
422 2877 491 2916 usus
521 2866 572 2916 est.
625 2858 748 2915 Lovanii
783 2863 837 2918 187
844 2865 859 2917 7
883 2878 912 2936 p.
939 2863 977 2919 34
1001 2865 1030 2916 et
1051 2856 1123 2937 4Ι);
1152 2875 1219 2913 narn
1249 2856 1293 2913 in·

219 2963 312 3021 versio
334 2981 452 3040 quoque
477 2960 515 3020 ad
545 2964 741 3021 traiectionem
769 2964 909 3040 pertinet3
931 2960 987 3039 ¹uhi
1009 2963 1176 3032 invertitur,
1205 2962 1292 3019 etiam

219 3069 417 3146 transponitur
445 3075 474 3125 et
500 3068 623 3126 inversio
653 3066 685 3125 fit
712 3067 880 3125 traiectione
907 3068 993 3125 unius
1022 3074 1073 3124 aut
1101 3064 1292 3143 complurium

220 3172 425 3231 vocabulorum
447 3192 464 3230 e
485 3174 559 3231 serie
581 3180 717 3231 consueta
738 3179 767 3231 et
788 3170 908 3246 vulgari.

482 3420 504 3502 ἓ
524 3421 558 3499 2.
595 3419 758 3499 Articuli
780 3419 1028 3520 hyperbaton.

306 3595 348 3655 Ut
367 3596 473 3671 sensim
494 3615 529 3654 ae
550 3593 757 3675 pedetemptim
779 3593 982 3673 procedamus,
1006 3596 1130 3672 primum
1160 3602 1293 3653 notarum

220 3699 403 3776 quarundum
441 3719 536 3759 rerum
572 3701 709 3759 memoria
746 3707 790 3758 est
822 3698 987 3779 repetenda.
1040 3700 1116 3757 hanc
1157 3700 1294 3757 orationis

221 3804 391 3883 particulam
405 3824 470 3864 cum
485 3807 610 3878 nomine,
634 3806 680 3863 eui
703 3813 746 3862 est
767 3801 874 3876 addita,
897 3805 1039 3862 artissimo
1061 3803 1175 3862 vinculo
1194 3803 1295 3863 cohae·
1318 3862 1321 3867 .

222 3928 301 3982 rere,
322 3929 370 3967 ex
401 3913 462 3969 eius
488 3918 591 3968 natura
620 3912 683 3989 ipsa
709 3908 797 3988 plane
824 3916 912 3988 patet.
953 3917 1081 3967 attamen
1101 3909 1173 3966 haec
1195 3910 1305 3968 intima·

221 4016 342 4072 societas
372 4023 401 4073 et
429 4012 610 4074 necessitudo
637 4014 734 4092 aliquo
766 4011 852 4072 modo
880 4013 991 4073 tollitur
1021 4022 1049 4070 et
1078 4013 1240 4099 relaxatur,
1270 4013 1295 4071 si

222 4098 374 4178 articulum
397 4122 426 4178 in
446 4120 504 4178 fine
518 4138 617 4178 versus
634 4121 759 4198 positum
774 4120 935 4178 invenimus
949 4120 1065 4177 nomine
1082 4119 1164 4176 initio
1178 4117 1296 4176 alterius
