3034 4675
617 264 849 330 -1os-

195 438 328 513 genuinis
349 438 467 499 habere.
510 436 611 521 confer
629 440 717 498 etiam
739 441 852 500 Mosch.
874 441 925 516 IV,
950 442 989 501 19

364 536 435 599 οὐδέ
454 559 527 619 σφιν
547 532 680 620 δυνάμην
701 541 805 601 ἀδινὸν
826 539 980 603 καλέουσιν
1001 543 1107 623 ἀρῆξαι

364 636 476 722 μητέρ’
499 635 559 719 ἑήν,
636 659 637 663 ‘

196 753 248 811 ubi
268 752 370 826 iungas
390 737 524 825 δυνάμην
546 745 657 828 ἀρῆξαί
675 768 748 829 σφιν
767 745 884 829 μητέρα
906 743 957 827 ἔην
979 748 1081 809 ἀδινὸν
1103 731 1267 812 καλέουσιν.

197 856 380 917 infitiandum
392 873 529 917 veronen
544 862 598 932 est,
612 874 816 931 nonnunquam
832 865 897 918 arte
912 874 1013 920 carere
1026 862 1114 920 talem
1129 860 1268 919 orationis

195 963 463 1038 conformationem,
485 969 518 1021 ut
541 963 571 1020 in
594 964 802 1037 epigrammate
823 965 979 1037 sepulcrali
1002 960 1093 1041 (apud
1115 966 1269 1024 Kaibelum

199 1086 242 1131 nr.
268 1063 321 1146 36)

301 1164 468 1247 Προξενιάς
489 1166 598 1248 ἀρετῆς
619 1186 651 1224 τε
670 1157 759 1246 χάριν
781 1163 934 1247 προγόνων
956 1167 1039 1227 τεκαὶ
1061 1169 1154 1228 αὐτοῦ

352 1259 465 1330 ἐνθάδ’
482 1264 641 1348 Ἀθηναῖοι
663 1266 857 1349 Πυθαγόρην
878 1266 990 1331 ἔθεσαν

301 1368 366 1432 υἱὸν
387 1369 517 1456 δημοσίᾳ
540 1368 708 1431 Διονυσίου.

199 1497 277 1540 nam·
303 1480 380 1552 qued
409 1472 539 1558 δημοσίᾳ
574 1477 612 1536 ad
645 1477 766 1537 verbum
798 1474 911 1537 finitum
944 1470 1056 1535 ἔθεσαν
1087 1478 1271 1540 referendum

200 1586 354 1645 seiunctim
381 1583 555 1658 oppositioni
583 1583 786 1657 interpositum
812 1590 873 1658 est,
903 1590 983 1643 certe
1010 1585 1086 1644 male
1111 1592 1155 1643 est
1183 1585 1271 1643 collo·
1389 1639 1390 1642 ,

199 1696 305 1751 catum.
337 1690 450 1766 pariter
465 1688 637 1763 inelegantis
651 1694 755 1762 poetae
770 1694 815 1749 est
829 1690 1007 1763 epigramma
1021 1707 1067 1749 nr.
1080 1691 1141 1749 374
1156 1689 1271 1750 Kaihel.

340 1789 441 1870 μήτηρ
462 1786 519 1849 υἱέι
539 1788 649 1866 Λόμνα
669 1788 770 1870 πατήρ
792 1784 822 1849 τ’
849 1786 971 1868 ἔστησεν
986 1786 1130 1861 Ἀπελλᾶς
1276 1767 1279 1778 ⁴

405 1889 490 1951 τόνδε
513 1891 571 1973 πρὸ
592 1890 709 1970 ἡλικίας
728 1891 836 1969 βωμὸν
857 1889 1068 1975 ἀποφθιμένῳ.

287 2003 458 2062 Latinorum
481 2001 593 2075 quoque
615 2008 766 2075 poetarum
787 2002 881 2061 oratio
901 2019 919 2060 a
936 2003 1023 2061 simili
1037 2001 1191 2061 verborum
1213 2007 1273 2060 tra·

200 2108 327 2167 iectione
348 2123 406 2166 non
427 2107 581 2181 abhorret3
605 2108 768 2180 exemplum
790 2109 861 2167 satis
875 2108 990 2166 illustre
1008 2108 1128 2182 praebet
1144 2108 1275 2167 Terentii

150 2245 157 2249 -
203 2214 354 2273 AndriaI
377 2215 405 2284 5,
428 2204 474 2273 47'
492 2230 554 2286 sqq.
1241 2195 1243 2197 ’

374 2333 392 2375 o
415 2310 516 2394 Mysis
538 2309 648 2393 Mysis,
672 2309 764 2373 eliam
785 2332 864 2374 ηανιο
885 2310 962 2374 mili

333 2413 450 2496 serapio
470 2412 525 2476 illa
546 2413 629 2475 dicta
649 2424 718 2475 sont
740 2413 774 2475 ιἰι
793 2414 897 2476 animo
922 2412 1081 2495 Chrysidis

332 2515 369 2577 de
395 2513 546 2598 Glycerio,

203 2622 256 2681 ubi
278 2618 318 2680 ‘in
341 2621 445 2680 animo’
476 2620 515 2680 ad
544 2621 664 2680 verbnm
693 2619 807 2680 finitum
837 2621 956 2696 ‘scripta
985 2624 1061 2682 sunt’
1091 2622 1219 2696 pertinet
1248 2626 1277 2680 et

206 2726 297 2786 verba
318 2714 478 2800 ‘Chrysidis
501 2726 537 2786 de
559 2726 704 2801 Glycerio’
729 2744 746 2785 a
768 2728 897 2787 subiecto
928 2723 990 2787 ‘illa
1016 2728 1102 2787 dicta’
1127 2731 1276 2801 reguntur.

204 2833 261 2891 hac
280 2837 375 2891 autem
392 2831 546 2892 verborum
563 2832 783 2906 perturbatione
797 2833 952 2892 Terentius
971 2832 1124 2892 cottidiani
1138 2831 1278 2891 sermonis

207 2941 349 3009 naturam,
371 2937 402 2995 in
425 2953 480 3011 quo
502 2937 643 2999 vocabula
673 2937 860 3010 neglegenter
881 2937 1005 3010 quodam
1027 2937 1112 2995 modo
1135 2942 1165 2995 et
1186 2936 1277 2995 disso-

118 3102 122 3109 ,
205 3042 269 3101 iate
298 3041 435 3101 cosseeari
464 3043 574 3116 solent,
604 3042 711 3116 optime
739 3041 856 3111 videtur
885 3043 1014 3101 imitatus
1043 3040 1140 3100 fnisse.
1186 3057 1279 3114 neque

205 3147 302 3206 minus
324 3152 445 3222 propter
474 3148 676 3221 perturbatum
699 3132 853 3206 'verborum
874 3148 1004 3207 ordinem
1027 3146 1279 3206 animadvertendi

205 3259 276 3312 sunt
298 3252 438 3334 Varronis
464 3268 565 3311 versus
593 3246 689 3328 (satir.
709 3252 840 3327 Menipp.
864 3254 910 3311 ed.
933 3252 1126 3312 Buechelerus
1147 3269 1191 3310 nr.
1216 3251 1279 3311 293

211 3375 242 3431 p.
257 3351 331 3433 192)
414 3362 467 3415 out
489 3352 547 3433 ille,
567 3373 690 3415 cereum
711 3355 766 3437 qui
785 3353 902 3416 volatili
922 3373 1047 3416 currens

415 3476 510 3538 sparo
533 3465 649 3517 secutos
671 3456 828 3537 troqoluve
851 3455 976 3518 crateae.

209 3582 276 3625 uam
302 3581 318 3624 e
342 3564 455 3638 vulgari
477 3563 580 3623 ordine
602 3565 645 3623 ita
666 3562 728 3623 fere
742 3564 884 3624 vocabula
904 3580 967 3624 sese
986 3566 1121 3639 excipere
1137 3564 1281 3624 debebant

211 3669 271 3742 ‘qui
293 3686 411 3729 currens
434 3685 551 3729 cervum
580 3676 695 3729 secutus
717 3671 832 3729 volatili
860 3686 946 3745 sparo
975 3671 1125 3743 tragulave
1147 3671 1280 3730 traiecit'.

207 3775 299 3834 etiam
320 3774 459 3834 Horatius
481 3775 536 3834 hoc
565 3791 654 3849 genus
683 3758 878 3847 exquisitioris
900 3774 1054 3834 verborum
1083 3776 1281 3836 collocationis
1347 3760 1352 3771 ⁸

208 3880 345 3939 adhibuit
365 3880 485 3941 carnal
502 3880 551 3955 17,
570 3879 610 3939 14
622 3898 684 3953 sqq.

515 4026 519 4033 ,
739 3962 787 4024 laic
810 3961 865 4023 tibi
887 3962 976 4044 copia

487 4062 625 4126 rnooobt't
646 4065 689 4127 ud
707 4063 833 4148 plenum
855 4064 982 4146 beniqao
1040 4103 1044 4110 -

487 4167 571 4228 raris
594 4165 745 4228 Ιιοαονιιυι
768 4167 910 4248 opa'eoto
933 4186 1038 4238 οοιίιιι,
