3034 4675
651 344 860 408 „90-

372 512 421 572 καὶ
443 513 485 593 μὴ
507 510 550 572 ’πὶ
573 512 756 574 καλλίστοισι
781 516 927 596 Τρωικοῖς
949 511 1049 585 πόνοις

371 617 464 679 αὐτόν
485 640 516 679 τε
539 618 650 691 ναύτας
671 609 694 679 τ’
719 616 877 698 ἀπολίσητ’
898 616 1053 680 Ὀδυσσέα.

216 743 311 800 neque
333 729 426 789 habeo
449 745 505 802 quo
521 728 624 788 melius
645 726 789 787 referatur
804 730 938 791 traiectio
952 747 1009 790 non
1024 728 1158 789 dissimili
1180 745 1285 804 genere

216 832 365 909 distincta,
389 851 462 908 quae
483 834 631 894 iuvenitur
652 833 683 891 iu
704 833 911 907 epigrammate
933 835 1089 909 sepulcrali
1111 834 1283 907 apud2Kai·

220 939 318 997 belum
340 957 383 998 nr.
407 941 468 998 435
493 957 520 999 v.
544 941 564 997 4
586 956 646 1013 sqq.

303 1038 418 1111 είκόνας
439 1048 494 1117 σῆς
515 1040 624 1121 ἀρετῆς
645 1039 756 1112 παῖδας
777 1038 891 1123 γαμίτῃ
914 1044 1098 1124 προλιποῦσα

304 1145 356 1204 οὐκ
379 1142 478 1226 {ipsias
497 1145 575 1223 μετὰ
596 1154 674 1207 τοῖσι
696 1144 815 1228 πάτραν
836 1145 952 1228 φιλίους
973 1169 1004 1207 τε
1027 1146 1188 1224 συναίμους

297 1245 480 1330 Ἀντιόχειαν
504 1250 576 1310 isicia
596 1249 729 1334 γαμέτην
750 1253 785 1311 3³
810 1249 873 1329 ἅμα
895 1250 949 1312 τόν
969 1273 1001 1313 σε
1024 1232 1192 1315 ποθοῦντα.

213 1376 388 1433 quamquam
410 1363 465 1421 hoc
486 1363 551 1422 loco
572 1362 742 1422 insolentior
772 1362 825 1421 illa
847 1361 1001 1422 verborum
1029 1362 1199 1432 disiunctio,
1229 1379 1286 1436 qua

213 1464 339 1523 alterum
369 1465 513 1529 obiectum
542 1469 687 1543 particula
711 1460 746 1523 τί
765 1467 908 1526 adnexum
929 1468 1005 1527 inter
1034 1461 1153 1545 πάτραν
1170 1459 1286 1523 Ἀντιό-

214 1586 300 1642 χειαν
329 1588 392 1632 sese
422 1575 597 1650 insinuavit,
627 1572 751 1634 fortasse
780 1572 838 1632 nisi
867 1568 978 1646 ‘poetae
1001 1565 1123 1632 inscitia’
1151 1574 1284 1632 excusari

214 1690 274 1732 uon
296 1682 411 1751 potest;
435 1695 500 1737 nam
524 1696 575 1738 cur
590 1694 694 1738 nomen
704 1669 870 1753 Ἀντιόχεια
885 1678 1048 1752 graviorem
1066 1678 1122 1738 sibi
1135 1684 1285 1737 accentum

214 1777 338 1856 flagitet,
362 1797 478 1842 causam
500 1802 557 1843 non
581 1784 733 1858 perspicio.

301 1885 419 1966 Omnia,
449 1905 522 1964 quae
550 1905 639 1963 supra
661 1889 890 1963 disputavimus,
920 1905 955 1948 eo
976 1889 1115 1961 redeunt,
1140 1894 1172 1948 ut
1197 1906 1285 1948 unum

213 1990 428 2084 substantivum
450 2001 480 2054 et
501 1994 671 2054 attributum
695 1995 725 2053 in
747 1994 896 2053 enuntiato
918 1995 1099 2069 reperiatur3
1121 1994 1173 2054 sed
1194 1999 1285 2054 restat
1316 2066 1319 2070 .

213 2095 326 2172 adhuc,
349 2103 381 2157 ut
403 2117 452 2159 eas
474 2100 660 2160 traiectiones
681 2100 844 2159 accuratius
866 2100 1111 2175 contemplemur,
1134 2115 1205 2172 quas
1227 2100 1284 2159 duo

216 2202 398 2264 substantiva
419 2223 484 2264 cum
506 2222 557 2264 suo
579 2212 731 2278 utrumque
754 2185 897 2264 adiectivo
917 2203 964 2263 vel
985 2204 1126 2264 attributo
1146 2200 1284 2266 efficiant.

212 2306 256 2366 ita
286 2308 362 2368 enim
392 2311 537 2370 sententia
571 2308 752 2371 conformata
781 2310 851 2370 satis
876 2306 1047 2369 artificiosus
1075 2315 1106 2370 et
1135 2295 1284 2371 contortus

214 2414 420 2475 vocabulorum
443 2417 516 2477 ordo
531 2418 639 2492 existit,
662 2418 712 2489 qui
734 2421 763 2475 et
785 2415 823 2475 ad
839 2431 939 2475 versus
960 2414 1047 2475 facile
1062 2412 1283 2476 conformandos

210 2524 243 2578 et
272 2521 310 2578 ad
338 2523 510 2596 elegantiam
540 2524 680 2582 sermonis
709 2522 870 2595 aagendam
900 2522 1022 2579 multum
1050 2521 1151 2583 valuit.
1191 2538 1284 2594 neque

210 2627 461 2700 simplicissimum
494 2627 614 2687 Homeri
644 2627 760 2686 dicendi
789 2642 878 2700 genus
906 2625 1047 2684 eiusmodi
1080 2618 1284 2700 dispositiones

212 2731 433 2805 reformidavit3
457 2730 495 2792 cf.
519 2733 554 2790 ΙΙ.
576 2732 632 2792 XV
655 2733 714 2791 685
1007 2820 1009 2823 ι

465 2830 511 2892 ἐπὶ
534 2833 628 2893 πολλὰ
652 2828 756 2893 θοάων
779 2829 859 2913 ίκρια
882 2839 968 2910 νηῶν,

105 2966 108 2971 ’
210 2942 227 3000 1
251 2943 312 3002 283
336 2959 378 3015 sq.

433 3122 436 3127 ῃ
713 3043 754 3125 Ιὃς
774 3039 851 3122 μέγα
873 3049 963 3101 πᾶσιν

367 3136 449 3229 ἕρκος
466 3144 629 3226 Ἀχαιοῖσιν
649 3146 768 3208 πέλεται
791 3144 930 3224 πολέμοιο
952 3153 1065 3221 κακοῖο,

212 3253 268 3315 od.
290 3257 402 3333 XVIII,
430 3259 502 3318 301.
544 3258 629 3317 huius
657 3275 726 3317 vero
755 3257 955 3316 collocationis
984 3273 1072 3316 causa
1099 3257 1283 3331 cognoscitur

212 3360 243 3418 in
278 3362 403 3435 quadam
432 3364 607 3436 aequalitate
637 3370 667 3422 et
696 3362 884 3436 congruentia
916 3363 1073 3438 sermonis,
1101 3379 1174 3434 cum
1207 3379 1282 3422 unae

214 3464 390 3538 eaedemque
418 3475 517 3541 partes
547 3468 687 3528 orationis
718 3469 764 3527 vel
794 3482 829 3525 ea
851 3465 1005 3541 vocabula,
1045 3484 1119 3540 quae
1146 3469 1223 3527 inter
1251 3485 1282 3528 se

213 3570 273 3628 sint
310 3577 433 3645 cognata
462 3578 491 3631 et
517 3573 642 3648 similia,
672 3574 754 3632 iuxta
783 3576 943 3650 ponantur3
980 3572 1022 3630 sic
1043 3572 1188 3633 adiectiva
1216 3589 1281 3631 cum

214 3674 379 3746 adiectiuis,
402 3676 584 3737 substantiva
605 3693 670 3736 cum
692 3677 881 3737 substantivis
897 3676 1108 3736 consociantur.
1131 3692 1216 3749 quam
1230 3692 1281 3735 vc-

210 3780 383 3840 cabulorum
397 3782 629 3845 consecutionem
642 3781 899 3857 Naegelsbachius,
921 3782 988 3841 Lat.
1006 3781 1071 3843 Stil.
1087 3799 1116 3856 p.
1128 3781 1188 3841 467
1206 3799 1279 3856 sqq.²

212 3883 391 3959 amplificata
407 3885 539 3947 vocabuli
554 3893 699 3961 potestate
713 3887 918 3961 anaphoricam
935 3887 1103 3948 nominavit.
1130 3892 1281 3961 praeterea

164 3977 166 3981 ’
212 3992 390 4052 seiunctione
425 3991 591 4052 uerborum¹
616 4009 651 4051 ex
684 3994 885 4066 grammatices
917 3992 1029 4065 legibus
1065 3993 1280 4053 cohaerentium
1354 4071 1357 4076 1

208 4094 352 4173 efficitur,
384 4102 415 4157 ut
436 4097 565 4171 singulae
586 4098 718 4156 notiones
745 4098 854 4157 maiore
882 4114 947 4157 cum
969 4099 999 4157 vi
1026 4099 1154 4157 eniteant
1181 4098 1279 4172 legen·

210 4202 306 4274 tisque
334 4203 429 4261 animo
453 4203 559 4261 clarius
588 4209 656 4261 ante
678 4203 777 4263 oculos
800 4208 959 4263 versentur.
996 4202 1162 4276 saepissime
1183 4208 1279 4262 autem
