3034 4675
640 285 973 376 -5941

318 464 495 539 Κύκλωπες,
518 462 567 522 καὶ
590 461 658 541 ἐμοί
676 484 705 522 τι
728 460 888 522 Κυδώνιον
910 463 937 522 εἴ
956 459 989 523 δ’
1012 456 1062 543 ὅγε
1084 460 1169 535 τόξον

316 570 436 642 τετῖξατε
762 599 764 604 ·

211 684 240 733 et
267 675 365 755 Apoll.
393 671 488 734 Rhod.
519 678 561 736 IV
592 678 661 735 758.
712 672 790 753 apud
820 674 989 734 Latinorum
1018 683 1118 755 poetas
1153 675 1281 733 seenieos

210 780 350 861 particula
368 780 434 853 illa,
465 797 541 857 quae
564 781 805 838 asseverationem
826 779 953 858 aliquam
978 783 1114 852 eontinet,
1136 778 1281 839 interdum

210 888 241 944 in
277 884 459 967 praecedeuti
494 886 643 943 enuntiato
680 882 848 944 secundario
881 887 1013 964 ponitur,
1051 888 1181 964 quamvis
1217 905 1280 945 eam

210 993 242 1049 in
273 992 408 1070 primarie
436 989 533 1049 sedem
561 989 670 1048 habere
696 998 844 1069 oporteat;
879 990 1025 1070 loquentis
1057 993 1134 1050 enim
1168 994 1281 1050 animus

210 1098 437 1183 interiectionem
457 1114 522 1153 cum
543 1095 726 1154 festinatione
739 1094 864 1174 quadam
886 1114 1068 1175 praesumere
1086 1095 1216 1171 videtur3
1243 1097 1279 1155 oi.

210 1200 306 1258 Plaut.
336 1200 429 1259 Trin.¹
453 1205 484 1263 ΙΙ
514 1208 549 1273 4,
575 1205 614 1261 56
645 1200 673 1263 si
700 1200 798 1263 Ιιονοίσ
828 1185 980 1284 europam,
1010 1195 1115 1274 votes,v
1137 1201 1187 1261 ubi
1215 1201 1282 1261 vide

210 1306 350 1378 Brixiam,
373 1307 425 1384 qui
444 1305 591 1385 eomplura
615 1305 748 1385 exempla
769 1306 873 1364 attulit

294 1412 489 1488 Negationem
506 1431 623 1491 quoque
640 1408 839 1469 insolentiores
861 1410 1062 1470 oolloeationes
1084 1414 1191 1493 optime
1213 1412 1281 1472 hnic
1375 1403 1378 1406 Χ

210 1516 391 1595 paragrapho
420 1516 649 1593 subiunguntur3
683 1517 764 1575 euius
796 1515 951 1594 hyperbati
981 1518 1095 1593 generis
1127 1537 1191 1577 eum
1222 1519 1281 1578 late

134 1655 138 1662 =
210 1629 308 1700 pateat
336 1640 420 1694 usus,
449 1625 548 1702 paneis
578 1625 678 1702 eisque
704 1621 857 1681 luculentis
880 1621 1019 1701 exemplis
1041 1642 1161 1681 munere
1181 1622 1281 1683 defun·

210 1746 319 1803 gamur.
364 1729 473 1786 rariora
494 1727 635 1807 quaedam
650 1724 801 1806 Euripidis
821 1728 877 1785 iam
899 1735 985 1785 antea
1005 1726 1043 1785 ad
1062 1737 1158 1807 partes
1178 1731 1280 1804 citavi3

210 1835 308 1911 itaque
335 1832 383 1891 hie
410 1851 578 1912 expromam
598 1834 677 1892 Xen.
700 1851 785 1891 mem.
809 1835 855 1894 III
886 1838 914 1904 9,
939 1837 957 1894 6
984 1831 1027 1910 μὴ
1049 1830 1069 1891 ἃ
1093 1825 1171 1909 οἶδε,
1201 1835 1281 1913 qnod

210 1936 316 1996 dietum
339 1946 382 1997 est
403 1958 456 2017 pro
479 1937 561 2017 ἃμὴ
584 1931 654 2014 οἶδε,
678 1948 707 1997 et
727 1938 829 2016 Eurip.
852 1937 962 1997 Phoen.
988 1944 1048 2002 526

290 2053 292 2056 '
370 2044 423 2103 οὐκ
445 2037 479 2103 εὖ
499 2042 592 2125 λέγειν
610 2042 671 2124 χρὴ
689 2042 733 2121 μὴ
750 2032 799 2100 ’πὶ
820 2049 882 2113 τοῖς
902 2040 996 2124 ἔργοις
1017 2047 1127 2116 καλοῖς.

210 2148 346 2222 Hensius,
364 2152 479 2208 exercit
496 2152 558 2208 crit.
575 2149 673 2230 (Helie
692 2148 786 2228 1868)
801 2170 830 2228 p.
847 2153 886 2209 58
902 2149 992 2208 altero
1007 2150 1073 2209 loeo
1087 2153 1280 2210 coniecturam

210 2255 359 2334 proposuit
380 2254 433 2313 οὐκ
455 2248 488 2314 εὖ
509 2252 601 2336 λέγειν
622 2253 679 2336 χρὴ
701 2253 778 2332 πλὴν
798 2255 900 2324 καλοῖς
917 2250 1011 2335 ἔργοις
1029 2251 1084 2313 ἔπι.
1128 2260 1278 2336 quaesivit,

209 2361 240 2418 ni
254 2360 347 2434 fallor,
363 2359 470 2420 nodum
485 2364 516 2421 in
531 2363 642 2442 seirp03
666 2363 761 2419 minus
781 2358 955 2420 celebratum
973 2363 1058 2435 enim,
1078 2359 1128 2420 sed
1146 2362 1281 2443 Euripidi

209 2467 323 2546 saepius
344 2463 497 2544 probatum
511 2468 672 2542 negationis
687 2464 869 2545 hyperbaton
884 2465 1067 2525 statuendum
1082 2487 1144 2527 esse
1158 2468 1279 2543 videtur,

210 2590 273 2629 eum
304 2570 444 2630 naturalis
473 2569 543 2629 ordo
573 2573 611 2630 sit
632 2570 678 2631 ἐπὶ
702 2578 765 2642 τοῖς
786 2567 880 2652 ἔργοις
900 2570 944 2649 μὴ
965 2574 1067 2643 καλοῖς
1089 2575 1107 2632 i.
1131 2593 1156 2633 e.
1181 2577 1214 2634 ‘si
1234 2596 1281 2635 res

209 2696 269 2736 non
290 2676 408 2757 pulcrae
431 2677 525 2752 sunt’3
554 2698 668 2737 omnem
688 2685 785 2736 autern
806 2679 865 2734 vim
886 2695 957 2736 voce
973 2677 1017 2755 μή
1041 2681 1182 2739 contineri
1203 2678 1280 2743 ideo-

210 2802 267 2860 que
287 2781 326 2841 ob
345 2781 517 2841 rhetoricam
538 2803 653 2842 causam
681 2783 933 2861 transpositionem
955 2801 1017 2841 esse
1038 2785 1141 2843 saetam
1163 2776 1281 2846 evidens

210 2897 261 2947 est.
296 2889 422 2964 insignes
441 2907 526 2968 porro
549 2897 617 2947 sunt
638 2890 665 2946 ei
686 2888 751 2963 ioci,
767 2886 872 2965 quibus
890 2890 1005 2964 negatio
1027 2896 1095 2948 ante
1108 2890 1279 2951 vocabulum

209 2999 254 3051 est
284 2991 439 3066 collocata,
474 3014 493 3052 a
524 3013 582 3073 quo
615 2996 789 3072 cogitatione
824 3001 867 3050 est
899 2992 1095 3071 seiungenda,
1126 3004 1159 3054 ut
1194 2997 1277 3056 Hom.

209 3097 245 3157 Il.
267 3102 294 3158 V
320 3104 377 3160 150

327 3208 414 3273 ’τοῖς
435 3203 487 3262 οὐκ
510 3202 678 3284 ἐρχομένοις
699 3202 715 3263 ὅ
736 3201 831 3284 γέρων
853 3199 981 3283 ἐκρίνατ’
1004 3203 1142 3283 ὀνείρους,

208 3308 259 3367 ubi
299 3308 352 3368 οὐκ
384 3328 448 3368 oum
488 3308 624 3390 ἐκρίνατο
656 3306 880 3369 oonsuuendum
913 3318 964 3368 est.
1019 3308 1119 3369 eodem
1156 3310 1280 3371 tendunt

208 3415 342 3492 Theogn.
366 3421 427 3477 953
450 3434 494 3493 sq.

315 3517 430 3601 πρήξας
449 3515 482 3579 δ”
506 3520 558 3579 οὐκ
581 3516 692 3600 ἔπρηξα
713 3519 763 3578 καὶ
787 3520 839 3578 οὐκ
861 3516 999 3581 ἐτέλεσσα
1021 3518 1177 3592 τελέσσας·

361 3623 474 3705 dederas
496 3621 529 3685 ὅ)
548 3625 601 3685 οὐκ
624 3620 735 3706 iii'pro',
758 3625 852 3703 ἤνυσα
875 3619 909 3682 δ’
929 3626 982 3683 οὐκ
1004 3624 1126 3700 ἀνύσας,

207 3739 236 3789 et
249 3729 360 3809 Eurip.
384 3731 474 3811 Hipp.
499 3738 537 3791 94

343 3835 447 3917 ὀρθῶς
467 3848 516 3916 γε·
538 3834 584 3906 τίς
605 3830 640 3894 d'
663 3835 698 3893 οὐ
719 3834 826 3911 σεμνὸς
847 3834 990 3913 ἀχθεινὸς
1008 3839 1146 3917 βροτῶν,·

208 3939 359 4019 Euripidei
380 3960 479 4000 versus
501 3960 566 3999 eum
587 3959 687 3999 sensus
709 3949 786 3999 certe
806 3941 854 4000 hie
875 3943 912 3999 sit
935 3939 995 4000 ‘sed
1013 3945 1078 4022 quis
1100 3961 1192 4020 aequo
1214 3941 1279 4021 plus

207 4047 303 4122 gravis
324 4066 382 4105 non
401 4047 529 4106 omnium
552 4045 616 4104 ilion
638 4047 670 4104 in
691 4064 754 4106 sese
775 4055 869 4105 vertat
890 4045 1006 4119 odiai’,
1034 4049 1135 4123 iungas
1158 4047 1193 4106 οὐ
1214 4066 1279 4105 eum

208 4149 371 4230 praedicato
386 4148 537 4228 dfflserdg.
578 4150 708 4210 similiter
723 4151 886 4210 obscuravit
906 4153 1076 4212 sententiam
1090 4149 1280 4229 Thucydides
