3034 4675
651 261 860 324 ..93-

218 438 318 509 itaque
339 437 504 498 Aristarchi
533 437 705 497 sententiam
728 437 877 509 amplexus
904 452 962 495 non
990 436 1091 495 dubito
1117 435 1296 496 sodomita

219 537 390 602 solvereve
411 534 445 599 ds*
465 540 604 597 πλουτεῖν
626 538 680 598 σὺν
702 537 779 622 τύχα
800 536 908 618 σοφίας
926 535 1006 597 ἐστὶν
1024 534 1142 615 πότμου
1156 537 1294 619 ἄριστον,
1330 613 1334 626 ⁴

219 648 266 706 cui
295 647 459 724 structurae
487 663 547 706 non
573 647 674 707 obesse
706 647 861 706 verborum
891 649 1109 707 collocationem
1139 647 1293 721 superiore

218 752 283 812 loco
312 753 383 811 satis
412 752 625 827 comprobatur.
672 753 710 812 sd
745 753 824 812 idem
859 753 1038 813 traiectionis
1067 770 1177 828 genus,
1211 753 1288 825 quod

219 856 403 933 ambiguitati
430 863 460 917 et
489 852 708 932 significantium
738 858 863 917 orationi
892 859 999 932 servit,
1032 859 1189 918 reuocandi
1221 865 1294 918 sunt.

220 980 320 1023 versos
348 963 432 1042 Nem.
455 962 497 1021 VI
527 964 566 1022 30
592 980 653 1036 sq„
683 978 804 1035 quorum
833 960 1028 1022 difficiliorem
1057 964 1292 1023 consecutionem

219 1076 298 1127 recte
313 1068 453 1141 explicuit
467 1068 599 1141 Leopold
612 1065 797 1141 Schmidtiue‚
814 1067 939 1127 Pindaro
953 1067 1052 1127 Leben
1068 1070 1128 1127 und
1143 1070 1294 1144 Dichtung

219 1192 248 1249 p.
273 1175 332 1233 508
361 1190 403 1248 sq.
426 1178 485 1232 not.
510 1174 539 1232 2.
576 1174 651 1234 hauc
678 1172 801 1234 Pindari
829 1174 972 1233 rationem
1002 1174 1207 1235 vocabulorum
1236 1193 1295 1249 per

196 1294 335 1346 *versum
364 1278 502 1338 audacter
534 1277 790 1352 dispesceudorum
815 1276 1031 1353 inexemplum
1055 1279 1111 1339 sibi
1133 1283 1293 1355 sumpsisse

220 1384 336 1444 videtur
365 1381 535 1460 Lycophro,
566 1383 615 1456 qui
642 1399 762 1458 prorsus
791 1383 879 1441 simili
907 1384 1060 1444 verborum
1090 1386 1294 1460 dispositionis

218 1490 372 1550 insolentia
394 1489 476 1563 quasi
497 1487 630 1547 fraudem
651 1487 809 1547 lectoribus
831 1488 946 1548 dedisse
968 1490 1107 1550 dicendus
1127 1498 1187 1559 estt
1223 1494 1292 1567 quis

219 1577 295 1655 enim
316 1595 447 1669 protinus
468 1599 547 1653 recte
568 1594 718 1667 intelleget
740 1594 825 1655 Alex.
850 1593 909 1653 691
934 1612 976 1668 sq.
1371 1571 1377 1584 ⁶

387 1729 417 1789 ἓν
438 1711 456 1813 ᾗ
477 1728 618 1814 πιθήκων
639 1728 758 1807 πάλμυς
780 1729 924 1810 ἀφθίτων
942 1726 1024 1807 γένος

386 1834 566 1917 δύσμορφον
581 1832 622 1905 είς
643 1834 798 1913 αηκασμὸν
820 1829 925 1916 ᾤκισεν
946 1832 1052 1911 τόσων,

219 2000 284 2042 cum
315 1980 406 2040 rerba
434 1979 587 2053 redempta
617 1995 633 2037 e
662 1979 785 2038 vinculis
815 1994 998 2038 numerorum
1027 1980 1057 2037 in
1086 1981 1161 2039 hanc
1184 1982 1290 2040 seriem

220 2090 278 2149 sint
300 2085 459 2159 redigenda
481 2077 601 2157 πάλμυς
622 2078 767 2161 ἀφθίτων
785 2068 890 2161 ᾤκισεν
910 2076 992 2159 γόνος
1012 2080 1176 2160 πιθήκωνὲ
1204 2090 1295 2163 plura

219 2180 236 2254 e
264 2192 456 2267 Lycophrone
489 2190 544 2249 hac
578 2189 757 2249 traiectionis
791 2190 888 2263 specie
919 2190 1078 2249 luxurianti
1107 2191 1293 2253 affectatione

220 2301 310 2362 ebuso
331 2296 455 2359 contulit
478 2295 630 2355 Scheerius
652 2295 672 2355 l.
696 2311 721 2353 c.
744 2313 773 2370 p.
798 2296 816 2354 6
840 2312 882 2367 sq.
919 2295 996 2355 idem
1019 2297 1106 2356 etiam
1128 2298 1158 2356 in
1181 2316 1209 2360 v.
1226 2300 1291 2360 510

373 2430 392 2491 ἃ
415 2431 451 2510 δὴ
474 2430 548 2512 πρὸς
569 2431 688 2511 ἄστρων
710 2429 843 2508 κλίμακα
864 2429 966 2509 στήσει
988 2429 1110 2513 όρόμον,

220 2581 271 2640 ubi
299 2580 474 2651 interpretes
502 2574 644 2634 frustrata
672 2583 716 2635 est
744 2576 899 2635 verborum
925 2577 1079 2637 collocatio
1108 2578 1290 2655 insolentior,

219 2686 331 2760 primus
358 2689 437 2742 recte
466 2681 607 2740 enuntiati
640 2687 815 2740 structuram
849 2681 987 2752 enodavit
996 2677 1032 2758 1).
1082 2699 1174 2756 neque
1203 2685 1293 2744 aliter

219 2806 265 2849 me
294 2789 389 2849 iudice
414 2787 588 2862 explicanda
609 2792 676 2846 suut
697 2785 814 2847 Horatii
836 2785 927 2845 verba
949 2803 1038 2848 carm.
1061 2787 1106 2846 ΙΙΙ
1131 2788 1158 2860 1,
1182 2788 1219 2848 21
1245 2807 1290 2863 sq.

221 2944 253 2948 ..-
258 2941 426 2949 —---—⁴--——

307 3040 328 3107 1)
356 3045 481 3093 Perverse
506 3043 642 3093 Iacobsius
674 3043 759 3092 simile
787 3043 924 3091 verborum
953 3043 1113 3106 symplegma
1140 3043 1231 3092 statuit
1262 3045 1292 3093 in

219 3133 371 3185 Nicomedis
390 3132 575 3203 epigrammate
593 3131 745 3195 Aesculapii
765 3133 837 3194 pueri
855 3138 957 3181 statuae
974 3132 1066 3191 inciso,
1085 3146 1161 3193 quam
1173 3132 1292 3182 Boethm

220 3222 338 3285 sculptor
355 3221 460 3281 fecerat,
478 3222 590 3283 append.
607 3221 678 3268 anth.
697 3219 751 3269 Pal.
771 3220 804 3270 56
822 3218 870 3281 (nr.
889 3219 964 3271 8051>
983 3218 1095 3282 Kaibel.)

409 3320 487 3376 τοῖόν
506 3344 558 3387 τοι,
576 3319 671 3377 Παιάν
686 3319 838 3390 Ἀσκλήπιε,
856 3329 913 3376 σεῖο
932 3323 1047 3390 Βοηθὸς

407 3407 500 3484 χειρὸς
517 3407 624 3482 ἀγαλμ“
646 3407 756 3482 ἀγαθῆς
774 3415 865 3474 τεῦξεν
885 3412 942 3472 ἑαῖς
960 3416 1106 3483 πραπίσιν.

221 3522 300 3569 verba
321 3518 388 3567 enim
410 3517 448 3566 sic
465 3519 611 3567 ordinando
629 3532 685 3567 esse
703 3519 805 3566 censuit
820 3520 897 3569 τοῖον
915 3522 974 3569 σεῖο
994 3511 1119 3588 ἄγαλμα,
1138 3509 1294 3580 flandrinse,

222 3603 337 3670 Βοηθὸς
358 3603 464 3664 ἔτευξεν
481 3604 539 3664 ἑαῖς
557 3607 695 3675 πραπίσιν
713 3601 823 3671 ἀγαθῆς
837 3598 939 3677 χειρός.
975 3609 1021 3655 sed
1044 3606 1122 3670 plane
1140 3605 1295 3654 incredibile

220 3697 333 3746 lacobsii
358 3704 532 3746 commentum
555 3705 595 3745 eat
617 3695 683 3743 illud
710 3692 768 3753 ἑαῖς
791 3700 931 3762 πραπίσιν
955 3689 1066 3761 ἀγαθῆς
1084 3687 1193 3762 χειρός,
1220 3695 1292 3756 quod

220 3785 287 3834 tueri
301 3799 329 3833 se
343 3797 420 3846 posse
431 3785 572 3835 arbitratur
583 3784 680 3834 colluto
692 3783 845 3832 Philostrati
863 3783 931 3845 loco,
950 3785 995 3846 qui
1012 3784 1063 3832 iem
1077 3798 1146 3831 uunc
1159 3791 1294 3831 correctus

221 3880 262 3922 est
286 3874 369 3923 eiecto
385 3873 587 3937 interpolatione
610 3867 626 3934 ἡ
647 3870 726 3940 ἑτέρα
742 3875 813 3941 χείρ.
849 3873 927 3921 immo
945 3879 1015 3922 recte
1036 3887 1063 3922 se
1081 3873 1160 3921 babet
1177 3863 1290 3940 ἀγαλμα
1379 3898 1381 3901 v

214 3955 310 4031 χειρὸς
334 3956 457 4029 ἀγαθῆς,
484 3963 525 4011 cui
549 3976 654 4024 prorsus
679 3960 764 4009 simile
785 3964 933 4024 exemplum
952 3969 991 4011 est
1008 3962 1037 4010 in
1053 3959 1143 4024 Eurip.
1162 3961 1294 4010 Androm.

220 4053 268 4112 frg.
291 4051 338 4101 124
357 4051 446 4117 σοφῆς
467 4043 582 4119 ἀγαλμα
600 4043 704 4119 χειρός.
723 4051 776 4098 iam
800 4050 926 4101 Kaibelus
944 4052 961 4100 l.
981 4064 1003 4099 c.
1019 4046 1114 4118 χειρὸς
1132 4045 1239 4117 ἀγαθῆς
1256 4050 1292 4097 ab

218 4131 334 4207 ἀγαλμα
354 4153 507 4202 suspensum
526 4153 582 4188 esse
600 4139 690 4188 voluit.
