3034 4675
676 248 884 312 ..99-

804 440 928 482 somnus
947 420 1112 501 &restium
1214 421 1220 434 ’

450 521 525 586 leuia
547 523 685 586 uirorum
705 546 768 587 nora
789 524 911 588 temnas
930 526 1036 588 dornos

450 627 578 705 fastidit.
762 695 770 708 x

247 750 283 793 ne
311 727 437 798 ‘somnus
457 736 617 808 egestum
634 735 771 795 virorum’
794 735 919 810 iungam,
950 736 1093 794 sententia
1117 736 1242 796 maxime
1267 756 1314 798 me

246 844 353 908 movet,
383 839 460 914 quod
480 833 603 902 humiles
625 840 694 899 illae
716 839 818 918 domus
840 841 996 913 agrestium
1018 841 1146 899 virorum
1168 840 1315 910 domicilia
1349 879 1351 884 «

245 960 308 1003 esse
330 924 466 1005 videntur
487 961 579 1019 neque
606 962 671 1004 cum
693 945 734 1006 eis
760 961 835 1019 qnae
855 946 985 1019 proxime
1007 950 1164 1020 sequnntur
1187 942 1313 1007 ‘somnus

246 1050 448 1123 agricolarum'
485 1052 643 1111 consistere
677 1056 789 1126 potest„
827 1066 916 1124 quare
959 1051 1110 1123 genetivus
1147 1050 1313 1124 ‘agrestium

215 1218 220 1224 .
246 1156 395 1231 virorum,
425 1173 596 1229 quamquam
626 1155 724 1217 verbis
754 1154 837 1214 ‘lenis
865 1154 990 1214 somnus’
1012 1156 1186 1231 implicatus,
1215 1161 1312 1217 tamen

245 1260 281 1319 ab
314 1262 374 1321 illis
405 1261 600 1337 segregandus
632 1267 663 1320 et
695 1277 760 1318 cum
792 1261 948 1319 remotiore
984 1261 1148 1332 accusativo
1186 1258 1312 1344 ‘humilis

244 1359 355 1426 domus'
373 1367 583 1430 construendos
600 1372 645 1427 est
652 1361 689 1443 ¹).
719 1366 750 1424 in
773 1370 941 1428 transcursu
962 1367 1049 1425 velim
1069 1367 1183 1427 attendi
1201 1384 1314 1443 quoque

243 1472 281 1531 ad
303 1473 522 1532 collocationem
538 1472 658 1531 voculae
681 1467 768 1546 ‘non',
784 1477 814 1530 et
833 1487 896 1530 eam
916 1471 958 1530 ita
979 1470 1096 1545 iactam,
1117 1478 1150 1530 ut
1172 1472 1312 1532 lectorum

243 1578 393 1638 commodo
415 1594 518 1652 pamm
540 1578 579 1636 sit
601 1577 772 1637 consultum.
809 1581 936 1636 ostentat
956 1583 1052 1650 autem
1074 1577 1129 1635 hoc
1149 1580 1312 1653 exemplmn

244 1682 360 1742 Horatii
382 1684 515 1766 studium
532 1682 739 1757 exemplarium
756 1679 933 1741 Graecorum
953 1681 1150 1756 granditatem
1171 1689 1202 1741 et
1222 1683 1312 1742 subli-
1368 1688 1371 1696 “

242 1787 373 1847 mitatem
394 1788 508 1847 insueta
532 1787 686 1849 verborum
708 1782 898 1859 dispositione
920 1794 1033 1846 auctam
1049 1788 1192 1849 imitandi.
1224 1790 1312 1847 etiam

237 1892 302 1954 ,illis
330 1893 467 1968 deinceps
496 1894 584 1969 locis,
606 1893 657 1952 nbi
680 1892 731 1951 uni
753 1891 905 1952 dumtaxat
933 1893 1114 1953 substantivo
1141 1891 1313 1953 attributum

242 1998 404 2071 appositum
424 2006 485 2074 est,
506 1999 555 2057 hic
575 1998 638 2057 illic
656 1998 829 2071 interposito
855 1999 948 2056 altero
978 1997 1159 2059 substantivo
1188 2000 1312 2060 obscura

241 2085 752 2178 mmmmmw
1168 2181 1169 2186 Ν

325 2199 419 2289 quam
440 2205 538 2290 tenaci,
561 2224 597 2267 rue
617 2206 697 2280 forte
718 2216 804 2266 tunm
825 2224 911 2265 mare
932 2204 1194 2285 commisceret,

240 2313 286 2374 III
310 2315 359 2392 15,
384 2317 435 2392 54,
456 2314 570 2375 Musaei
590 2314 726 2375 carminis
749 2332 777 2376 v.
801 2313 861 2373 212

306 2417 450 2499 i'ooopor
470 2420 561 2492 ὁλκὰς
572 2398 723 2502 ’'EpoiuJ
742 2417 818 2500 ἔχων
838 2417 930 2480 σέθεν
951 2408 1063 2501 ἀστέρα
1082 2421 1200 2506 leignon,

241 2552 315 2610 quae
345 2538 435 2617 verba
462 2538 505 2597 ita
533 2542 600 2595 sunt
626 2535 801 2611 explicanda
834 2534 953 2594 ‘habens
981 2536 1084 2595 stellae
1111 2538 1206 2597 locum
1228 2545 1308 2600 tunm

241 2644 397 2716 lyclmum’.
447 2649 535 2716 atque
569 2641 700 2715 proxime
735 2642 785 2700 ad.
810 2640 1028 2701 similitudinem
1064 2643 1178 2702 accedit
1210 2643 1309 2707 Ouidii

239 2749 320 2809 locus
348 2754 404 2808 art.
427 2747 547 2808 11³5?
586 2744 640 2806 rect
656 2765 755 2831 ,moro
783 2754 849 2806 tuta
876 2743 989 2815 bracis,
1025 2746 1074 2806 ubi
1104 2763 1120 2805 e
1148 2750 1310 2809 sententiae

241 2855 354 2915 ratione
376 2853 606 2928 coniungendam
628 2858 673 2912 est
693 2850 755 2912 ‘sed
778 2869 861 2912 mora
876 2851 974 2912 brevis
996 2857 1059 2912 tuta
1073 2854 1136 2913 est’.
1165 2869 1223 2912 non
1246 2855 1309 2915 sine

240 2961 360 3020 consilio
382 2959 528 3019 Iuvenalis
557 2959 711 3017 verborum
733 2958 864 3017 ordinem
887 2974 951 3016 cum
973 2958 1098 3030 quadam
1119 2957 1309 3032 ambignitate

132 3054 137 3059 “
240 3064 383 3140 disposuit
402 3064 474 3126 XVI
497 3063 537 3122 13
560 3080 603 3135 sq.
691 3092 694 3097 ⁴

368 3166 548 3229 Bardaicus
569 3164 660 3235 iudeo
682 3161 774 3233 datur
796 3162 868 3224 daec
884 3163 998 3246 punire
1019 3162 1131 3225 colenti

366 3271 482 3334 calceos
505 3281 533 3331 ct
553 3268 681 3352 prandia
704 3290 818 3350 mappa
840 3269 883 3329 cd
903 3267 1046 3330 subsellia
1068 3289 1168 3331 surae.

324 3422 346 3488 ¹)
376 3424 408 3473 In
427 3420 555 3487 Propertii
578 3437 654 3472 uersu
676 3422 723 3482 IV,
746 3422 819 3486 1³,8

313 3497 316 3500 ⁴
498 3515 625 3563 mammon
641 3520 663 3561 ct
682 3514 754 3561 multi
768 3519 855 3572 pastor
871 3513 951 3560 odoris
967 3512 1050 3559 Arabs
1079 3544 1080 3553 ,

237 3612 298 3666 post
315 3603 486 3666 multiplicem
503 3603 686 3664 cogitationem
707 3601 774 3649 nihil
792 3601 855 3649 certi
876 3602 1016 3648 adsecutus
1038 3615 1104 3648 sum.
1144 3602 1214 3662 quod
1239 3615 1307 3650 nou-

237 3692 302 3742 nulli
323 3693 349 3740 in
370 3692 496 3741 librorum
517 3691 645 3752 scriptura
665 3689 852 3752 acquieverunt
874 3699 899 3737 et
920 3691 1081 3753 hyperbaton
1104 3696 1259 3750 statuerunt,
1277 3697 1308 3738 ut

236 3781 441 3843 intellegendum
452 3782 486 3830 sit
499 3780 647 3828 ‘cinnamon
662 3779 738 3828 multi
756 3777 861 3842 odoris’,
877 3781 929 3853 lroc
946 3778 1107 3827 traiectionis
1126 3779 1206 3826 mirae
1219 3792 1306 3826 exem-

237 3872 310 3932 plum
327 3878 514 3932 prorsusesset
526 3868 679 3929 solitarium¹
695 3870 766 3931 quod
780 3869 862 3931 ipsius
876 3868 989 3929 Popert-ii
1005 3869 1141 3916 andaciam
1160 3869 1307 3930 excederet,

237 3973 297 4007 cum
314 3959 393 4008 etiam
407 3958 534 4020 particula
546 3951 587 4005 ‘et‘
600 3956 679 4006 aliam
693 3957 913 4006 constructionem
926 3958 1040 4005 suadeat.
1062 3963 1165 4018 praeter
1177 3955 1304 4003 editurum

236 4056 311 4097 notas
330 4048 390 4096 vide
403 4047 512 4109 Hauptii
530 4060 572 4108 op.
589 4046 603 4094 I
623 4046 679 4107 123,
700 4045 814 4109 111515,
835 4045 981 4094 Vahlenum
999 4046 1026 4094 in
1045 4045 1214 4093 relationibus
1235 4057 1306 4090 men·

235 4136 313 4185 struis
330 4138 404 4186 acad
419 4135 469 4184 litt.
487 4135 573 4184 Berol.
595 4128 656 4186 1881
677 4150 701 4198 p.
721 4134 780 4185 350.

1092 4213 1124 4266 7*
