3034 4675
642 265 873 330 -125—

222 434 308 495 modo
332 434 507 495 collocantur
528 437 559 493 in
579 436 673 514 prisca
694 434 860 508 Latinitate,
883 437 964 494 cuius
985 437 1027 493 rei
1048 455 1137 494 unum
1153 454 1169 492 e
1184 433 1291 506 multis,

224 560 299 620 quae
321 551 486 621 suppetunt,
509 539 648 619 exemplis
669 537 793 598 adiciam
813 539 909 599 Plaut
931 541 1014 599 Asin.
1037 541 1052 600 I
1075 546 1104 613 3,
1129 546 1166 602 79

310 659 341 710 ot
362 667 416 729 ορο
438 657 481 708 est
504 646 593 709 ιιίαυι
608 645 701 730 prius
724 665 816 729 qnam
834 633 902 707 abio
923 647 1005 730 qood
1024 646 1090 707 υοίο
1113 641 1205 725 loqui.

308 751 423 812 Deinde
457 751 634 830 pronominis
670 749 805 823 relativi,
836 771 894 830 quo
924 754 1103 810 enuntiatum
1132 749 1291 822 incohatur,

114 897 119 906 -
224 861 309 919 etiam
338 859 379 917 sic
407 856 528 915 efficitur
557 856 754 950 hyperbaton,
785 864 818 915 ut
845 876 903 916 non
933 875 1045 934 semper
1073 855 1143 914 illud
1162 854 1290 929 verbum,

224 962 262 1021 ad
284 960 363 1043 quod
385 970 445 1021 erat
466 959 686 1040 applicandum,
720 962 851 1040 proxime
871 970 1022 1041 sequatur,
1052 959 1209 1039 sedsaepe
1230 960 1292 1020 lon·

191 1128 193 1132 ,
225 1071 304 1145 giers
326 1069 418 1147 spatio
441 1065 609 1125 distractum
629 1074 730 1145 postea
751 1065 949 1143 subiungatur.
983 1066 1094 1146 quade
1113 1086 1145 1125 re
1167 1065 1202 1124 ci.
1217 1065 1292 1124 Plat.

226 1173 302 1233 Crat.
333 1195 362 1253 p.
394 1177 454 1233 434
463 1191 489 1229 a.
534 1169 561 1230 εἰ
588 1170 631 1249 μὴ
661 1170 747 1251 φύσει
778 1171 891 1253 ὑπῆρχε
923 1171 1069 1254 φάρμακα
1098 1169 1188 1248 ὅμοια
1210 1159 1292 1243 όντα,

226 1276 256 1349 ἔξ
293 1268 335 1337 ὧν
370 1274 543 1348 ξυντίθεται
578 1275 617 1335 τὰ
655 1273 905 1359 ζωγραφούμενα,
943 1275 1070 1352 ἐκείνοις,
1107 1274 1127 1334 ἃ
1158 1281 1294 1353 μιμεῖται
1383 1355 1386 1360 ¹
1498 1268 1500 1271 ’

226 1381 415 1465 ηγραφική,
446 1380 495 1440 ubi
518 1380 598 1460 quod
627 1384 806 1441 enuntiatum
829 1383 980 1441 relativum
1001 1381 1114 1459 longius
1141 1390 1185 1439 est
1205 1400 1294 1440 reser-

223 1494 321 1545 vatum
354 1493 383 1543 et
411 1489 586 1565 repositum,
623 1489 766 1545 contraria
798 1486 978 1567 copulantur.
1022 1486 1193 1566 plerumque
1227 1506 1294 1545 vero

224 1600 373 1670 poetarum
410 1610 502 1650 sermo
540 1591 626 1650 talem
665 1591 879 1672 dispositionem
918 1590 1059 1665 admittit,
1102 1600 1135 1651 ut
1169 1592 1293 1651 Theocr.

223 1696 316 1757 XXV
344 1704 399 1758 175
424 1716 467 1775 sq.

376 1816 489 1900 δέρμα
518 1816 555 1878 δὲ
584 1819 699 1900 θηρός
726 1816 959 1902 ἀριφραδέως
986 1817 1148 1900 ἀγορεύει

306 1931 416 2006 χειρῶν
429 1923 574 2006 καρτερόν
590 1919 683 2006 ἔργον,
700 1923 717 1985 ό
731 1947 777 1985 τοι
792 1923 858 2007 περὶ
874 1927 988 2005 πλεῦρα
1002 1921 1154 1984 καλύπτει.

224 2046 354 2106 similiter
371 2049 522 2127 appositio,
545 2066 622 2125 quae
641 2050 782 2107 enuntiati
797 2048 908 2107 relativi
928 2047 991 2106 loco
1008 2050 1101 2127 posita
1122 2055 1173 2120 est,
1196 2045 1293 2105 sedem

223 2173 241 2210 a
270 2160 372 2211 natura
401 2152 456 2211 sibi
486 2150 612 2211 debitam
639 2172 699 2211 non
720 2154 853 2224 retinuit,
884 2151 936 2211 sed
957 2173 975 2211 a
995 2152 1153 2225 vocabulo,
1184 2155 1229 2211 cui
1252 2160 1296 2210 est

225 2255 331 2330 addita,
348 2256 406 2314 late
420 2259 543 2331 recessit,
558 2277 624 2317 raro
639 2258 771 2318 licentius
788 2277 875 2338 quam
893 2260 924 2316 in
933 2258 1079 2339 Lycophr.
1097 2256 1144 2323 Al,
1157 2263 1217 2319 452
1229 2277 1293 2338 sqq.

380 2378 471 2457 οδμδς
492 2381 644 2459 Ιξύναιμος,
666 2381 707 2453 ὡς
728 2381 872 2462 ἀπατρίου
895 2382 1000 2464 φονεύς

377 2483 487 2559 πώλου,
511 2483 606 2546 νόθον
627 2487 753 2568 φίτυμα,
777 2494 924 2568 συγγενῶν
943 2486 1055 2567 βλάβη,

378 2599 432 2651 τοῦ
453 2590 576 2652 λύσσαν,
588 2589 618 2651 ἐν
639 2592 811 2671 ποίμναισιν
832 2591 1033 2672 αἷχμητηρίαν

374 2693 508 2774 χεάντος,

223 2819 273 2877 ubi
304 2817 392 2877 verba
423 2826 477 2877 τοῦ
503 2816 629 2896 χέοντος
656 2831 722 2899 post
749 2841 854 2880 nornen
884 2818 986 2880 πώλου
1015 2829 1097 2879 erant
1119 2819 1293 2884 collocanda.

223 2923 316 2982 levem
338 2922 484 3003 quandam
505 2943 570 2982 cum
584 2912 786 3006 Lycophronis
807 2928 935 2985 oratione
955 2924 1149 2984 similitudinis
1170 2927 1295 3005 speciem

223 3031 404 3105 agnoscimus
425 3031 456 3087 in
477 3028 630 3089 Homerico
653 3050 783 3090 sermone
804 3030 840 3090 Il.
862 3030 912 3090 XI
931 3038 989 3096 241
1012 3051 1077 3111 sqq.

310 3147 351 3221 ὣς
372 3150 388 3210 ὁ
410 3149 465 3229 μὲν
486 3145 563 3212 addc
583 3150 683 3213 πεσών
703 3152 869 3232 κοιμήσατο
888 3152 1017 3231 χάλκεον
1037 3153 1139 3227 ύπνον,

311 3248 436 3336 οῗκτρος,
457 3256 515 3317 ἀπὸ
534 3266 668 3337 μνηστῆς
690 3256 809 3336 ἀλόχου,
836 3259 971 3320 ἀοτοῖσιν
992 3259 1119 3341 ἀρήγων,

312 3360 470 3442 κουριδίης,
494 3354 529 3441 ἧς
548 3356 612 3422 oriri
631 3362 723 3446 χάριν
745 3361 799 3440 ἴδε,
819 3364 914 3424 πολλὰ
935 3361 970 3424 δ’
993 3361 1092 3428 liliosa.
1186 3434 1189 3443 ⁴

226 3485 283 3545 duo
312 3486 362 3545 illa
393 3486 520 3547 membra
557 3487 616 3547 ἀπὸ
644 3498 778 3569 μνηστῆς
807 3488 916 3567 ἀλόχου
949 3500 978 3551 et
1008 3492 1143 3553 ἀστοῖσιν
1177 3490 1295 3572 ἀρήγων

225 3591 327 3670 parilia
349 3600 424 3665 sunt,
453 3611 517 3650 cum
537 3590 685 3671 epitheton
708 3588 824 3675 οίκτρος
844 3598 1004 3655 accuratius
1026 3597 1185 3678 explicent3
1222 3596 1295 3656 rela-

225 3696 316 3755 tivum
344 3705 441 3756 autern
466 3718 625 3777 pronomen
655 3720 718 3760 cum
747 3702 885 3761 attributo
907 3701 1058 3783 κουριδίης
1079 3723 1097 3761 a
1117 3703 1295 3762 substantivo

224 3821 275 3861 suo
298 3805 457 3862 seiunctum
480 3812 522 3862 est
543 3805 711 3883 interposito
733 3792 823 3866 altero
844 3805 982 3880 membro,
1004 3827 1043 3867 ne
1064 3808 1133 3867 lraeo
1153 3811 1290 3868 orationis

226 3928 292 3987 pars
315 3909 449 3969 ἀστοῖσιν
470 3909 591 3990 ἀρήγων
610 3909 646 3969 sd
669 3913 755 3972 finem
777 3914 903 3992 reposita
924 3914 1010 3971 nimis
1030 3912 1135 3991 frigide
1156 3923 1185 3973 et
1206 3917 1296 3974 otiose

227 4011 324 4072 addita
356 4032 419 4073 esse
450 4012 604 4077 videretur.
648 4024 736 4095 atque
767 4016 888 4077 Plautus
916 4037 1015 4097 parem
1042 4019 1102 4078 fere
1135 4018 1296 4078 libertatem

227 4117 348 4179 adscivit
368 4120 446 4178 Men.
469 4120 497 4177 V
521 4127 548 4191 6,
575 4130 590 4181 7
671 4144 675 4151 “
