3034 4675
126 1057 143 1092 ἱ

609 317 844 381 -117-

188 497 220 548 et
242 487 339 549 Noun.
362 489 450 554 Dion.
473 488 518 547 IV
543 492 602 549 224

717 592 890 678 ἓρωτστάκῳ
912 594 945 657 δὲ
965 596 1094 678 μερίμνῃ
1121 577 1129 594 ’

355 696 454 776 μνώεο
475 697 525 757 καὶ
547 699 586 759 σὺ
607 704 739 776 καμοῖσα
762 701 968 780 ποθοβλήτοιο
989 700 1128 780 Σελήνης.

188 824 276 885 porro
293 803 366 864 duos
388 803 459 862 mihi
480 802 630 862 considera
650 804 728 865 locos
751 804 828 864 haud
851 806 984 885 indignos
1006 807 1069 867 illos
1091 813 1258 865 memoratu.

185 909 278 970 Arist.
301 910 421 982 Thesm.
446 913 500 970 811
528 929 572 988 sq.

254 1010 324 1075 οὐδ’
348 1010 385 1073 ἂν
406 1011 545 1091 κλέψασα
563 1014 636 1095 γυνὴ
659 1012 750 1097 ζεύγει
774 1016 851 1075 κατὰ
874 1017 1057 1096 πεντήκοντα
1078 1014 1212 1077 τάλαντα

255 1118 284 1191 ἐς
305 1117 391 1179 πόλιν
412 1113 497 1179 ἔλθοι
520 1127 581 1179 τῶν
602 1119 763 1200 δημοσίων,

185 1244 266 1306 qnae
287 1224 386 1286 durior
408 1224 560 1285 verborum
582 1227 710 1286 traiectio
733 1229 772 1284 ita
795 1236 838 1286 est
860 1225 1021 1286 ordinanda
1040 1217 1105 1288 οὐδ’)
1131 1223 1168 1286 ἂν
1187 1225 1260 1307 γυνὴ
1299 1223 1301 1226 ’

186 1330 268 1391 κατὰ
296 1330 480 1409 πεντήκοντα
508 1329 642 1390 τάλαντα
670 1338 731 1391 τῶν
760 1330 913 1411 δημοσίων
942 1328 1081 1408 κλέψασα
1111 1330 1202 1412 ζεύγει
1231 1329 1260 1400 ἐς

189 1434 276 1497 πόλιν
304 1433 407 1511 ἔλθοις
435 1456 500 1495 cum
530 1439 615 1496 etiam
644 1437 813 1497 attributum
842 1443 903 1496 τῶν
925 1436 1077 1516 δημοσίων
1105 1436 1261 1496 insolenter

184 1563 207 1602 a
229 1544 346 1602 nomine
368 1562 419 1602 suo
441 1544 479 1601 sit
507 1544 684 1616 seiunctum,
717 1544 805 1602 totius
832 1527 992 1600 ‘sententiae
1012 1541 1143 1620 singulae
1164 1551 1259 1622 partes

187 1648 346 1729 perplexae
367 1657 396 1706 et
416 1650 491 1706 inter
512 1666 543 1705 se
564 1649 672 1705 mixtae
693 1655 769 1708 sunt.
811 1647 934 1708 alterum
956 1648 1120 1728 exemplum
1141 1645 1261 1727 praebet

189 1754 363 1835 Lycophro,
393 1754 442 1832 qui
472 1754 587 1811 omnino
616 1752 730 1830 longius
757 1755 787 1812 in
809 1753 888 1813 hisce
911 1756 1049 1834 processit
1070 1773 1157 1833 quam
1185 1751 1261 1812 ullus

183 1860 263 1920 alius
300 1879 337 1918 ex
373 1859 474 1917 ceteris
508 1860 558 1936 qui
594 1866 717 1916 aetatem
754 1858 883 1918 tulerunt
918 1861 1010 1939 poetis
1046 1857 1259 1930 Alexandrinis,

184 1966 274 2025 Alex.
297 1986 323 2024 v.
353 1969 429 2025 1172
453 1982 496 2042 sq.

356 2068 451 2147 δῆμος
471 2061 501 2128 d'
521 2067 623 2127 ἀνατεὶ
646 2067 698 2128 τὸν
720 2065 864 2129 κτανόντ’
888 2066 1032 2130 ἐπαινέσει

355 2174 464 2257 reduci
479 2171 616 2254 χαράξας
634 2172 859 2254 vetustateque
879 2171 970 2255 γένος,

186 2280 240 2342 ubi
269 2281 422 2361 synchysis
450 2278 619 2353 verborum,
646 2288 679 2340 ut
707 2277 806 2340 dicunt
833 2282 1026 2357 grammatici,
1056 2279 1164 2340 scholio
1193 2278 1276 2340 sub-1

184 2388 322 2447 veniente
350 2389 390 2446 sic
416 2395 459 2445 est
488 2384 626 2445 solvenda
651 2384 744 2464 δῆμος
774 2383 806 2446 δὲ
830 2385 883 2446 τὸν
909 2386 944 2447 τὸ
973 2383 1157 2464 ἐπιλάβηται
1178 2383 1260 2465 γένος
1320 2392 1323 2396 ’

186 2490 339 2554 κτανόντα
368 2489 512 2552 ἐπαινέσει
541 2492 649 2574 videti
677 2489 814 2573 χαράξας
843 2491 949 2552 ararat
974 2493 1034 2556 scil.
1068 2493 1122 2553 huc
1150 2491 1259 2552 civibus

183 2599 296 2659 licitum
319 2616 390 2660 esse.

275 2702 408 2764 Studium
436 2721 503 2762 vero
531 2700 648 2779 linguae
677 2701 807 2762 Graecae
834 2702 921 2775 illud,
953 2702 1032 2783 qnod
1061 2705 1118 2762 iam
1145 2705 1260 2783 saepius

184 2809 411 2880 observavimus,
434 2816 467 2866 ut
487 2809 674 2883 coagmentis
688 2806 922 2887 aequalitateqne
934 2810 1025 2868 oratio
1039 2807 1261 2887 perfunderetur

183 2924 218 2974 et
246 2914 389 2974 eonnaria
418 2915 500 2971 iuxta
527 2915 621 2992 posita
647 2913 738 2988 magis
767 2911 912 2974 elucerent
935 2913 1132 2993 vocabulisque
1156 2912 1259 2992 parilia
1346 2993 1349 2998 Ι

183 3026 247 3094 aut,
277 3019 382 3099 quibus
411 3016 589 3077 necessitudo
619 3015 760 3096 quaedam
790 3017 995 3093 intercederet,
1026 3027 1088 3077 arte
1108 3036 1259 3097 compone·

186 3134 298 3200 rentur,
322 3127 368 3183 hie
390 3141 506 3202 quoque
527 3122 641 3202 pulcras
667 3130 697 3179 et
717 3121 883 3180 artificiosas
904 3120 1056 3181 verborum
1078 3126 1258 3183 traiectiones

185 3230 298 3305 effecit,
328 3226 392 3288 dico
421 3227 500 3287 illam
529 3227 707 3304 singulorum
736 3227 896 3285 sententiae
924 3226 1116 3288 membrorum
1137 3227 1257 3309 disposi-

184 3337 306 3416 tionem,
329 3355 416 3415 quam
431 3333 677 3411 Naegelsbachius
696 3331 900 3407 anaphoricam
922 3334 1088 3393 nominavit.
1121 3335 1257 3393 orationis

185 3443 266 3500 enim
287 3440 463 3512 membrum,
494 3439 574 3518 quod
595 3437 633 3498 ad
656 3436 852 3519 praedicatum
876 3440 1037 3498 sententiae
1057 3441 1194 3518 pertinet,
1227 3441 1258 3498 in

83 3600 88 3609 .
188 3547 331 3626 participii
359 3547 599 3604 constructionem
625 3546 665 3603 ita
692 3545 895 3623 transpositum
918 3552 976 3616 est,
999 3552 1032 3603 ut
1052 3543 1171 3604 verbum
1193 3564 1258 3603 cum

186 3650 293 3724 verbo,
324 3649 467 3710 obiectum
488 3669 553 3709 cum
574 3650 659 3709 simili
682 3651 818 3710 orationis
839 3658 921 3728 parte
942 3651 1127 3709 consocietur.
1173 3652 1259 3709 etiam

188 3759 221 3817 in
244 3758 414 3836 scriptorum
435 3773 566 3815 sermone
587 3755 645 3814 tale
667 3754 737 3834 quid
759 3757 909 3835 reperitur,
932 3775 996 3814 raro
1017 3755 1149 3814 licentius
1171 3774 1257 3834 quam

185 3861 268 3942 apud
289 3858 502 3939 Thucydidem,
525 3863 575 3940 qui
597 3863 627 3919 in
642 3860 737 3921 verbis
758 3858 980 3941 transponendis
1001 3868 1151 3940 poetarum
1172 3868 1258 3939 saepe

184 3967 337 4026 audaciam
358 3965 518 4045 adaequat3
549 3966 584 4024 cf.
607 3965 654 4024 IIl
678 3971 718 4030 39
750 3964 896 4045 ἐζήτησαν
923 3964 1000 4042 μετὰ
1027 3972 1088 4025 τῶν
1110 3968 1259 4044 πολεμιω-

188 4070 290 4132 τάτων
316 4072 396 4150 ἡμᾶς
424 4068 550 4142 στάντες
578 4070 776 4153 trapetum,-
804 4072 858 4131 hoe
887 4073 968 4133 enim,
992 4070 1054 4130 loco
1086 4090 1160 4150 quae
1192 4078 1259 4129 sunt

188 4179 343 4250 contraria,
367 4197 400 4236 eo
423 4175 501 4256 quod
524 4196 555 4236 se
574 4177 730 4257 excipiunt,
754 4180 845 4255 magis
866 4175 1116 4257 exsplendeseunt.
1160 4176 1260 4235 similis
