3034 4675
654 237 863 299 -42-

226 406 311 468 Luor.
335 410 419 480 172,
444 411 571 474 11731,
604 406 646 468 IV
671 410 741 478 826,
765 404 802 464 al.
826 405 861 471 ef,
884 406 1036 465 Kuehneri
1065 425 1108 483 gr.
1138 405 1188 463 lat
1211 408 1242 467 II
1268 413 1295 480 1,

224 535 254 593 p.
272 518 343 586 427,
372 512 606 589 Streifingerum,
630 510 667 570 ds
688 521 766 589 synt.
790 510 911 583 Tituli,
934 509 1061 571 Wi1neb.
1092 514 1165 574 1881
1191 532 1221 591 p.
1246 520 1295 573 44.

225 637 428 698 componemus
459 627 555 676 autern
586 636 603 675 e
634 615 713 676 nube
744 597 942 695 exemplorum
971 616 1112 676 nonnulla
1140 619 1209 684 satis
1237 637 1295 677 me

228 723 390 793 morabilis,
416 742 537 802 quorum
552 723 726 802 comparatio
739 740 799 779 non
814 724 869 780 erit
889 721 1079 795 infructuosa,
1102 721 1174 780 Hor.
1190 721 1237 782 od.
1252 726 1299 786 III

230 835 276 903 15,
299 836 326 901 5,
349 829 437 909 Prop.
460 832 475 889 I
500 831 546 898 18,
573 834 587 886 7

372 934 426 1017 qui
446 933 537 995 modo
558 928 658 1012 felices
680 933 759 996 inter
780 922 968 994 6666666666
990 943 1135 1009 amantea,

224 1038 302 1099 idem
323 1038 352 1097 V
376 1042 404 1111 8,
429 1044 466 1100 31

439 1141 538 1205 altera
561 1139 710 1224 Tarpeios
732 1153 776 1204 eat
797 1143 876 1207 inter
903 1142 976 1206 'l'et'a
997 1142 1088 1205 16666.

225 1248 260 1306 ef.
285 1233 409 1327 Pnapea
431 1254 481 1319 40,
509 1256 533 1319 1,
555 1246 644 1323 Verg.
669 1246 722 1312 661.
744 1250 785 1310 VI
813 1254 859 1320 19,
882 1245 935 1307 Ov.
959 1246 1064 1307 remed.
1092 1253 1150 1309 113

338 1364 412 1437 post
433 1363 534 1415 tamen
555 1352 603 1415 tte
625 1352 735 1416 multos
757 1362 884 1415 6666166
906 1334 1046 1415 ereditur*
1063 1373 1170 1427 annos,

224 1458 269 1517 Ib.
296 1465 355 1519 564

460 1562 517 1610 oro
539 1562 632 1624 super
644 1541 710 1624 fisi
730 1555 824 1626 quem
843 1543 972 1605 cecidere
996 1544 1068 1617 6616,

224 1650 296 1706 trist
320 1648 363 1707 IV
388 1652 415 1721 8,
445 1654 477 1708 11
496 1666 541 1727 sq.

386 1768 389 1774 ι
998 1732 1087 1817 inque

482 1858 606 1900 securus
623 1837 733 1920 patria
753 1836 942 1904 consenuisse
964 1858 1041 1912 osea,

224 1942 275 2002 ubi
297 1951 410 2022 praeter
430 1923 627 2002 traiectionem
656 1940 797 2000 adieetivo
821 1929 954 2001 ‘securos’
980 1943 1109 2001 effectam
1131 1945 1217 2002 etiarn
1237 1943 1296 2003 fine

223 2053 323 2107 versus
346 2050 519 2128 praepositio
541 2068 559 2106 a
581 2067 648 2106 oasu
669 2066 721 2106 suo
742 2045 930 2123 disiungitur,
956 2057 1106 2128 praeterea
1126 2046 1180 2108 Ov.
1204 2068 1240 2108 ex
1259 2050 1295 2124 P,

224 2157 291 2227 12,
322 2161 376 2215 150
427 2221 1104 2320 1666666116611666661116616666ᾱ666,

205 2364 348 2424 .quoeum
374 2344 436 2404 loeo
466 2346 596 2404 conferas
624 2344 745 2402 similem
775 2363 874 2402 versus
904 2345 1013 2401 exitum
1035 2353 1089 2403 art.
1112 2345 1293 2427 1113761).

224 2448 469 2509 hue'referendus
491 2459 535 2509 est
557 2449 670 2508 Horatii
692 2448 771 2507 loeus
793 2457 845 2507 sat.
869 2453 893 2520 I,
918 2456 943 2520 3,
971 2458 1007 2510 76

448 2534 465 2542 Η
602 2554 718 2615 amisus
739 2553 846 2628 duleis,
868 2565 900 2616 at
923 2575 1053 2639 aequum
1075 2566 1127 2629 est,

394 2680 462 2723 oum
482 2678 550 2720 meo
572 2669 741 2741 compenset
762 2659 842 2721 vitiis
865 2659 954 2725 bona.
1017 2727 1019 2731 ,

223 2764 364 2844 particula
394 2763 476 2822 ‘oum'
507 2782 567 2822 non
595 2782 648 2841 pro
677 2764 894 2835 coniunctione,
931 2762 983 2823 sed
1013 2767 1226 2845 praepositione
1252 2775 1296 2825 est

223 2868 405 2950 aecipienda3
436 2871 476 2927 ita
505 2871 581 2926 enirn
606 2877 635 2925 et
656 2870 854 2927 soninnotivus
876 2869 1053 2946 intellegitur
1072 2879 1101 2928 et
1120 2874 1294 2930 tonstrustio

223 2986 299 3036 recte
328 2994 390 3034 sese
417 2974 506 3033 habet
536 2981 697 3054 ‘compensa
725 2994 790 3032 oum
818 2976 895 3033 vitiis
925 2974 1001 3033 bona
1030 2976 1113 3034 mea’.
1164 2977 1247 3035 aliter
1270 2978 1295 3035 si

222 3082 317 3141 losum
336 3081 480 3160 explicare
495 3079 574 3153 velis,
598 3083 637 3139 ita
657 3089 689 3140 nt
713 3080 795 3137 ‘oum'
811 3100 863 3158 pro
883 3082 1084 3139 coniunctione
1106 3080 1222 3157 habeas,
1245 3101 1295 3139 ex-

223 3196 353 3266 spectare
380 3184 486 3244 debeas
514 3188 555 3244 sio
584 3205 646 3244 6666
674 3188 812 3265 scripturn
842 3192 1015 3265 ‘compenset
1035 3189 1105 3245 vitia
1127 3206 1192 3245 mea
1213 3186 1296 3248 bonis

223 3293 314 3351 meis’.
348 3289 427 3369 (vide
450 3290 650 3350 Heindorfium
672 3311 698 3349 6.
722 3291 750 3348 h.
774 3290 818 3372 l.).
852 3290 1001 3349 considera
1022 3313 1107 3371 porro
1130 3293 1218 3370 Verg.
1241 3292 1293 3352 eol.

223 3394 271 3453 IX
295 3402 333 3458 35
357 3415 400 3475 sq.
422 3413 588 3474 expressum
612 3394 683 3454 iliud
702 3415 739 3453 ex
761 3396 884 3455 Theocr.
909 3396 969 3455 VII
992 3404 1030 3457 40

310 3581 331 3645 1)
353 3585 429 3634 Alius
447 3584 535 3637 Ovidii
559 3584 633 3634 Iocus
658 3587 702 3633 hio
724 3588 967 3634 commemorandus
991 3594 1042 3648 est,
1066 3600 1142 3648 quern
1164 3587 1295 3636 Lucienus

223 3674 336 3722 Mueller
359 3674 434 3736 (mus.
455 3673 540 3722 Rhen.
559 3674 639 3724 XVII
656 3689 681 3735 p.
701 3672 760 3735 525)
785 3676 821 3723 ita
845 3675 961 3737 scripsit,
988 3673 1036 3723 Ov.
1054 3685 1103 3725 art.
1125 3673 1166 3724 111
1186 3675 1235 3724 343
1254 3687 1294 3740 sq.

442 3766 497 3812 dave
515 3771 580 3811 tener
597 3765 669 3812 libris
686 3765 772 3812 titulus
789 3779 849 3825 quos
866 3766 945 3827 619661
961 3779 1071 3812 asnorum

506 3854 571 3915 elipe,
589 3851 657 3914 quod
672 3853 745 3900 desili
762 3853 864 3899 molliter
882 3868 922 3900 ore
938 3855 1008 3915 lepos.

223 3954 290 4001 quae
309 3940 330 3987 si
349 3955 412 3988 vera
430 3948 470 3988 est
489 3941 646 3997 coniectura,
669 3939 734 3987 haee
751 3940 870 3988 traiectio
889 3955 919 3988 eo
938 3948 977 3988 est
994 3932 1119 4004 insignis,
1141 3940 1210 4000 quod
1227 3940 1296 3987 inter

222 4029 440 4090 praepositionem
466 4030 572 4090 eiusque
595 4042 683 4076 casum
702 4028 789 4076 locum
807 4037 918 4090 occupat
933 4045 1000 4090 vox,
1019 4044 1085 4091 qnae
1104 4042 1156 4077 non
1175 4030 1208 4076 ad
1226 4028 1296 4076 idem

223 4118 395 4178 enuntiatum,
415 4118 461 4166 sed
479 4118 512 4166 ad
532 4116 687 4166 sententiam
707 4117 840 4165 relativam
859 4119 979 4180 pertinet.
1277 4116 1280 4121 ⁴
