3034 4675
1343 246 1892 312 -192—-.

692 440 751 497 p.
805 424 872 478 19
917 417 957 475 l.
1010 423 1076 477 21
1133 417 1310 475 verba
1353 418 1414 475 in
1457 418 1612 475 hunc
1655 416 1887 475 modum
1930 415 2159 474 ordines
2206 416 2335 473 ‘huc
2370 418 2666 494 pertinent

516 524 811 603 complura
857 525 1028 581 etiam
1060 524 1296 580 eorum’.

686 651 743 708 p.
795 634 861 688 21
909 628 947 686 l.
992 634 1025 687 4
1075 625 1440 685 scribendum
1486 638 1610 685 erat
1653 626 1797 703 ἁμῖν
1841 646 1944 706 pro
1990 626 2151 703 ἁμῖν.
2205 662 2282 671 -
2334 624 2491 705 quod
2535 623 2660 683 dixi

515 734 771 813 aliquam
828 732 1248 813 probabilitatis
1305 710 1551 810 speciem
1613 733 1825 789 habere
1884 732 2162 790 Meinekii
2219 733 2551 810 scripturam
2598 733 2659 788 in

516 840 814 898 Theocriti
871 859 1042 897 versu
1099 838 1154 896 id
1215 838 1369 896 XVI
1431 846 1498 908 4,
1562 839 1764 895 iterata
1816 840 2166 913 cogitatione
2216 836 2381 894 aliter
2437 835 2657 910 iudic03

518 966 652 1003 nam
701 954 758 1002 et
798 947 1202 1021 grammaticae
1232 944 1669 1001 constructionis
1714 951 1773 999 et
1808 944 2024 1020 rythmi
2056 942 2372 1021 aequalitas
2402 944 2462 999 in
2488 961 2660 999 versu

501 1124 505 1128 ν
516 1053 781 1131 proxime
823 1047 1203 1106 antecedente
1247 1047 1502 1127 impedit,
1552 1068 1627 1105 ne
1656 1047 1893 1107 verbum
1938 1057 2069 1126 post
2087 1046 2301 1127 βροτοί
2323 1046 2657 1105 incidamus,

688 1176 744 1233 p.
815 1159 891 1214 22
953 1153 992 1213 l.
1072 1159 1142 1214 14
1203 1153 1419 1211 scribas
1479 1155 1860 1233 ‘praepositio'
1910 1174 2015 1232 pro
2064 1152 2429 1232 ‘pi-apositio’,
2488 1152 2526 1209 l.
2587 1156 2654 1212 18

517 1259 813 1342 μέλεσθαι
859 1280 963 1338 pro
1003 1256 1319 1335 μελέσθω.

689 1388 744 1445 p.
799 1371 872 1426 23
921 1365 960 1423 l.
1018 1369 1085 1425 13
1129 1361 1376 1442 πηλίκον
1416 1364 1547 1441 lege
1590 1385 1693 1443 pro
1734 1362 1999 1443 πηλίκον,
2040 1366 2177 1421 item
2218 1362 2259 1420 l.
2315 1369 2384 1423 14
2417 1360 2654 1440 τηλίκον

520 1491 625 1551 pro
670 1469 926 1548 τήλικον.

689 1598 746 1655 p.
797 1582 872 1636 24
919 1575 959 1633 l.
1010 1581 1087 1637 35
1132 1575 1262 1651 lege
1309 1574 1494 1633 ‘recte’
1535 1594 1641 1653 pro
1689 1578 1811 1633 ‘re’.

689 1703 745 1760 p.
794 1687 894 1742 25.
981 1698 1120 1739 eave
1174 1689 1339 1756 putes
1397 1700 1488 1737 me
1517 1679 1924 1752 contendere,
1980 1678 2206 1738 articuli
2262 1680 2483 1738 traiecti
2525 1697 2659 1736 con-

519 1785 880 1845 suetudinem
912 1804 1036 1843 esse
1063 1787 1231 1843 unice
1261 1784 1661 1865 explicandam
1693 1786 1988 1843 Homerici
2018 1786 2294 1843 sermonis
2323 1785 2656 1842 imitatione.

518 1893 692 1949 immo
736 1893 936 1949 innata
978 1890 1210 1968 linguae
1255 1891 1512 1952 Graecae
1555 1890 1809 1963 indoles,
1858 1899 1923 1949 ut
1964 1892 2027 1948 in
2069 1889 2332 1949 omnibus
2375 1889 2530 1947 hisce
2571 1908 2659 1946 re-

520 1996 646 2069 buS,
711 1999 792 2054 sic
856 1998 915 2055 in
971 1997 1080 2054 hoc
1137 2016 1370 2075 quoque
1432 2016 1541 2054 usu
1608 1998 1793 2075 poetis
1850 1995 2177 2053 facultatem
2232 1994 2393 2054 dedit
2420 1993 2658 2052 'articuli

520 2102 793 2161 audacter
849 2100 1297 2181 transponendit,
1359 2100 1460 2159 sed
1505 2104 1631 2181 ipsa
1674 2100 1773 2158 illa
1814 2101 2048 2177 linguae
2091 2110 2295 2159 natura
2337 2099 2493 2176 apud
2535 2100 2658 2158 Ho-

519 2227 741 2266 merum
796 2210 1044 2286 primum
1105 2227 1167 2265 se
1225 2206 1541 2286 praebebat
1598 2217 1656 2264 et
1706 2205 1783 2264 ad
1832 2209 2207 2264 imitationem
2247 2206 2525 2263 trahebat.
2575 2240 2653 2249 —

524 2313 598 2372 de
633 2314 984 2392 anastrophe
1011 2315 1469 2397 praepositionis,
1508 2331 1660 2392 quae
1687 2314 1942 2389 genuina
1972 2320 2060 2371 est
2088 2312 2400 2394 collocatio,
2433 2320 2661 2390 praeter

518 2419 895 2478 Delbrueckii
923 2422 1458 2478 commentationem
1486 2418 1720 2476 allatam
1753 2420 1972 2498 inspice
1993 2419 2333 2496 Benfeyum,
2361 2417 2653 2494 Goetting.

515 2525 905 2584 Nachrichten
961 2529 1114 2586 1878
1161 2546 1217 2604 p.
1275 2533 1385 2586 175
1435 2543 1564 2602 sqq.
2297 2588 2301 2597 ¹

688 2652 746 2709 p.
825 2635 899 2691 27
970 2630 1010 2688 l.
1093 2638 1159 2690 11
1231 2639 1288 2686 et
1364 2635 1428 2689 12
1500 2628 1761 2686 ordinem
1828 2628 2131 2688 verborum
2201 2631 2281 2687 ita
2348 2631 2658 2686 constituas

523 2739 845 2815 ‘scriptores
904 2755 1136 2814 quoque
1189 2734 1402 2794 Attici'.
1495 2735 1533 2796 l.
1599 2742 1673 2796 25
1730 2754 1835 2813 pro
1893 2734 2053 2792 XIII
2114 2741 2228 2795 347
2294 2733 2656 2792 scribendum

516 2851 639 2900 erat
682 2842 776 2900 ΙΙΙ
823 2846 942 2903 318
989 2851 1047 2898 et
1087 2861 1192 2920 pro
1236 2839 1546 2920 πενίχρουε
1594 2847 1889 2920 πενιχροῦ.

689 2969 747 3026 p.
819 2951 916 3008 28.
989 2950 1191 3005 -serius
1257 2948 1540 3025 comperi,
1610 2945 1953 3022 Diltheyum
2018 2942 2093 3001 de
2155 2940 2479 3000 Philodemi
2537 2942 2655 3020 epi-

515 3061 833 3129 grammate
876 3054 1061 3128 egisse
1105 3055 1164 3109 in
1209 3051 1400 3110 indice
1430 3052 1559 3115 lect.
1635 3051 1896 3126 Gotting.
1973 3053 2132 3110 1873
2163 3069 2220 3127 p.
2262 3053 2354 3112 12.
2385 3082 2471 3091 --
2502 3046 2539 3104 l.
2582 3053 2651 3108 18

515 3157 643 3234 lege
688 3157 996 3235 καύματος
1037 3179 1141 3236 pro
1186 3156 1492 3234 καίματος.
1995 3132 2012 3146 “

687 3285 744 3342 Ρ.
798 3267 873 3324 30
923 3262 960 3320 l.
1013 3268 1044 3320 6
1095 3261 1457 3320 scribendum
1502 3272 1588 3321 est
1633 3259 1924 3338 αἰτήσεως
1967 3281 2071 3339 pro
2117 3255 2411 3336 εἶ’τήσεως.

687 3388 744 3442 p.
793 3374 868 3428 32
916 3369 954 3431 l.
996 3373 1078 3428 ,18
1126 3376 1256 3446 post
1302 3368 1408 3431 ‘IL’
1457 3371 1708 3426 inseras:
1756 3367 1836 3424 X.

688 3494 745 3551 p.
793 3479 891 3535 41.
978 3471 1051 3531 G.
1099 3472 1384 3531 Kaibelus
1428 3477 1487 3531 in
1533 3472 1721 3530 indice
1763 3471 2086 3531 scholarum
2132 3465 2559 3548 Gryphiswald.
2599 3486 2652 3530 a,

527 3583 681 3638 1885
733 3577 1082 3656 (Philodemi
1127 3577 1565 3658 epigrammata)
1610 3600 1668 3657 p.
1718 3583 1793 3639 23
1842 3575 2122 3647 observat,
2170 3577 2232 3637 in
2275 3576 2509 3653 Anytae
2537 3572 2655 3650 epi-

517 3692 834 3759 grammate
877 3684 1034 3749 anth,
1077 3685 1213 3762 Pal.
1251 3686 1372 3745 VII
1421 3690 1538 3745 215
1586 3704 1639 3740 v.
1689 3689 1773 3747 3..

776 3786 911 3847 οὐδὲ
954 3790 1087 3871 περὶ
1133 3793 1507 3873 σκαρθμοῖσι
1552 3787 1697 3858 νεὼς
1739 3784 2096 3868 περικαλλέα
2132 3785 2304 3865 χείλη

935 3895 1268 3976 ποιφύσσω,
1315 3886 1476 3980 τᾶμᾷ
1518 3892 1879 3975 τερπόμενος
1923 3894 2215 3978 προτομᾷ,

518 4003 863 4075 praeprisitia
923 3999 1063 4079 ssepi
1111 4003 1155 4059 si
1215 4023 1342 4060 cum
1385 4002 1706 4059 accusativo
1739 4000 1909 4078 χείλη
1951 4003 2236 4076 iungatur,
2284 3998 2473 4056 omnia
2515 4014 2693 4053 sana·
2759 4041 2763 4045 .

518 4123 659 4163 esse.
715 4143 783 4151 —
835 4111 891 4163 iu
939 4107 1286 4165 Uallimacho
1309 4107 1630 4182 fragmento
1662 4105 2083 4164 animadvertas
2110 4123 2305 4162 casum
2336 4103 2655 4160 vocativum
