3034 4675
651 281 701 292 -.
738 243 800 310 138
843 280 886 290 -

235 416 328 476 detur.
373 419 482 497 quippe
503 418 611 496 optime
635 416 778 493 significet
799 413 1004 478 vocabulorum
1024 417 1189 474 consecutio
1210 414 1307 475 turbe·

234 531 296 582 tum
318 532 348 582 et
366 521 454 581 valde
472 529 645 582 commotum
666 520 812 601 loquentis
832 524 970 592 animum,
993 539 1058 579 cunr
1080 529 1223 580 structus
1243 541 1306 581 sen·

235 631 342 688 tentiae
356 627 439 686 nliter
454 630 577 706 incepta,
593 626 676 685 aliter
691 625 797 687 deinde
810 629 978 685 continuata
992 629 1038 686 sit.
1061 626 1182 686 similem
1192 645 1308 685 censam

234 734 266 791 in
295 733 359 792 eliis
387 732 526 812 exemplis
549 721 692 792 Plautinis
721 734 865 812 reperies,
896 751 972 811 quse
1003 734 1033 790 in
1062 733 1193 812 proximo
1215 734 1308 811 capite

235 837 360 898 efferum.
397 837 541 897 interdum
556 840 642 896 etism
658 836 830 897 attributum
849 846 878 895 et
896 837 1106 896 substantivum
1123 836 1177 895 hec
1197 838 1309 918 ratione

238 945 442 1021 seiunguntur3
466 943 598 1023 exempla
619 951 687 1003 sunt
708 942 803 1002 Plaut.
826 944 910 1005 Trin.
933 940 1005 1022 prol.
1030 946 1070 1003 20
1086 961 1129 1021 sq.

698 1084 778 1125 nunc
799 1062 855 1123 Izoc
875 1081 929 1126 vos
950 1071 1051 1144 repat,

414 1178 447 1229 ut
469 1168 558 1230 liceat
575 1168 735 1251 possidere
756 1168 835 1230 haue
855 1187 964 1230 nomen
986 1166 1134 1243 fabiolam,

235 1285 285 1346 ubi
315 1306 475 1366 pronomen
505 1286 579 1346 ‘hoe’
608 1307 673 1347 eum
701 1290 730 1345 vi
751 1289 948 1367 praepositum
969 1283 1065 1360 vides,
1094 1295 1124 1345 et
1151 1285 1239 1365 Prop.
1262 1289 1307 1348 111

238 1397 351 1469 nn

380 1478 454 1555 felin
475 1479 622 1541 intantum
647 1477 792 1559 Corydon
813 1478 867 1562 qui
888 1487 1014 1561 temptat
1038 1476 1147 1539 Αἰαίη
1158 1504 1169 1547 ,·

236 1594 409 1657 adiectivum
441 1600 597 1656 ‘intectum'
628 1617 644 1657 e
673 1601 816 1657 sententia
843 1598 964 1657 relative
992 1598 1142 1656 traiectum
1170 1603 1214 1656 est
1235 1598 1310 1654 inter

237 1701 367 1762 membru
388 1705 528 1761 enuntiati
550 1702 694 1782 primarii,
719 1702 758 1758 ite
779 1709 812 1758 ut
832 1703 971 1763 attribute
993 1711 1022 1761 et
1043 1701 1222 1762 substantiva
1243 1702 1309 1759 arti·

237 1806 332 1866 ficiose
354 1817 484 1866 contorte
507 1816 536 1867 et
557 1808 703 1888 implicatu
723 1816 892 1887 appareant.
922 1828 1009 1889 porro
1032 1817 1060 1867 et
1082 1810 1176 1887 ipsum
1197 1804 1310 1886 praedi-

238 1921 333 1971 catum
349 1915 489 1972 enuntiati
514 1915 632 1972 minoris
654 1915 859 1993 transpositum
878 1921 921 1972 est
941 1913 1036 1972 Plaut.
1059 1912 1168 1992 Amph.
1181 1916 1211 1974 II
1225 1915 1252 1983 2,
1270 1915 1306 1971 81

280 2030 438 2115 oppetiere
460 2032 564 2095 itidem
577 2043 612 2095 ut
623 2033 755 2116 pudicae
777 2054 849 2095 suos
869 2032 952 2096 viros
974 2053 1050 2116 quae
1073 2043 1143 2093 sunt
1164 2030 1268 2102 solent,

238 2160 267 2209 et
288 2150 373 2214 Lucr.
394 2152 423 2210 V
449 2159 504 2213 177

366 2280 456 2332 uatus
478 2271 557 2333 mim
579 2272 664 2334 debet
685 2271 854 2356 quicunque
876 2280 919 2332 est
940 2271 1013 2333 velle
1034 2290 1156 2345 monere

346 2377 399 2438 ,ἱη
420 2376 492 2448 citu,

239 2480 290 2541 ubi
305 2484 392 2561 poeta
405 2479 493 2539 verba
507 2483 548 2539 sic
563 2479 716 2560 disponere
730 2483 825 2563 potuit
842 2480 940 2540 ‘debet
954 2483 1030 2540 enim
1046 2490 1131 2542 nutus
1145 2483 1312 2560 quicunque

199 2640 203 2647 .
240 2593 283 2644 est
305 2585 380 2643 velle
400 2587 536 2657 munere,
559 2584 610 2644 sed
632 2605 666 2644 eo
688 2606 746 2666 quo
768 2606 838 2647 usus
860 2596 903 2646 est
925 2586 1025 2646 ordine
1046 2589 1137 2647 oratio
1162 2587 1253 2646 multo
1282 2595 1312 2644 et

239 2688 364 2749 vividior
382 2693 479 2749 existit
493 2700 522 2750 et
536 2694 659 2767 gravior,
688 2712 741 2771 per
763 2690 884 2750 eandem
906 2694 1101 2753 traiectionem
1124 2690 1312 2773 explicandus

207 2776 927 2873 'mmffiwmmowms

383 2903 457 2963 deus
479 2901 601 2985 dionius
615 2901 684 2982 fuit
706 2901 869 2986 quisquam
890 2900 980 2964 homo
1002 2902 1055 2986 qui
1076 2899 1171 2966 esset?

240 3040 360 3094 comme,
384 3020 460 3097 quod
482 3022 598 3081 Brixius
620 3031 686 3103 post
708 3021 811 3081 ‘homo’
834 3023 940 3101 posuit,
963 3019 1117 3081 delendum
1138 3030 1225 3096 etque
1245 3041 1311 3079 con-

241 3125 417 3202 iungendum
448 3135 491 3186 est
521 3129 680 3204 ‘quiequam
709 3128 795 3187 homo
822 3127 935 3204 dignior
963 3127 1016 3185 fuit
1038 3128 1086 3203 qui
1116 3124 1188 3184 deus
1216 3127 1310 3187 esset'.

240 3229 436 3317 praedicatum
451 3235 528 3291 enim
543 3235 747 3293 enuntiationis
763 3228 958 3304 secundariae,
973 3240 1006 3290 ut
1022 3232 1179 3290 maximum
1192 3229 1312 3290 heberet

240 3322 405 3410 accentum,
436 3346 521 3417 poete
550 3341 602 3398 toti
624 3337 744 3418 periodo
766 3339 941 3418 praeposuit.
986 3335 1111 3412 denique
1131 3337 1227 3394 variae
1248 3355 1311 3394 sen·

241 3444 397 3502 tentisrum
411 3445 554 3502 minorum
572 3452 669 3523 partes
690 3445 881 3523 transpositus
895 3444 1081 3501 inveniuntur
1099 3443 1130 3499 iu
1152 3442 1310 3521 primarias,

242 3547 332 3606 veluti
353 3546 448 3606 Plaut.
471 3547 550 3605 Men.
573 3548 602 3606 V
627 3553 654 3618 8,
679 3554 696 3610 2
730 3554 743 3581 s

343 3664 509 3735 postquam
531 3654 697 3716 advorsum
716 3655 761 3714 mi
781 3652 932 3737 imperavi
951 3662 984 3714 ut
1005 3652 1063 3714 huc
1084 3651 1210 3726 venires,

240 3772 328 3851 Prop.
351 3775 396 3834 111
425 3778 510 3846 17‚9

378 3877 486 3940 duduc
500 3879 540 3969 'in
562 3876 653 3939 terris
674 3876 750 3953 nihii
771 3879 918 3961 estquod
939 3876 1020 3940 viem
1043 3887 1173 3939 amante.

241 3997 276 4060 ef,
293 3982 417 4076 Prispea
441 4001 479 4059 29
494 4016 520 4054 v.
544 4004 626 4071 Iso,
648 3993 702 4058 Ov.
720 4015 756 4055 ex
772 3997 806 4058 P.
823 3996 854 4056 II
874 4003 966 4071 1‘7sq.
1003 3994 1060 4053 huc
1081 3995 1167 4053 etiam
1188 3995 1315 4076 pertinet

239 4101 331 4178 Verg.
355 4100 407 4160 ecl.
431 4101 463 4158 ΙΙ
490 4107 523 4163 12
548 4119 589 4176 sq.
