3034 4675
610 233 847 297 -180—

191 425 310 483 gramm.
327 405 376 464 lat.
393 409 424 467 II
441 410 458 465 2
475 426 502 484 p.
526 410 603 467 tuso
628 415 656 463 et
678 405 819 465 Classenii
834 406 1103 463 commentationem
1117 405 1147 462 in
1161 403 1260 463 libello

189 511 435 587 Beobachtungen
456 510 530 569 uber
551 508 608 569 den
630 509 706 568 hom.
729 508 986 589 Sprachgebrauch
1008 529 1037 587 p.
1061 514 1121 570 200
1145 528 1209 588 sqq.

275 616 317 677 Ut
336 624 433 674 autem
456 615 687 696 disputationem,
710 635 787 694 quae
807 624 868 674 tota
889 615 951 673 fere
969 616 1000 672 in
1026 614 1261 673 insolentioribus

190 730 233 782 est
259 731 388 794 versata,
418 725 513 781 minus
540 699 620 780 tritis
643 719 729 779 rebus
751 720 865 793 finiam,
894 719 1012 796 seligam
1034 719 1176 779 corollarii
1198 718 1260 776 loco

190 827 263 887 duos
285 825 434 906 Euripidis
460 847 575 900 versus,
605 825 770 904 dequibus
794 824 920 884 breviter
941 825 996 884 dici
1017 833 1119 904 potest.
1164 826 1262 903 itaque

190 932 386 1012 contemplare
407 931 478 992 mibi
499 933 600 1011 Eurip.
626 930 693 993 Hel.
717 936 778 991 446

379 1049 479 1110 πείθει
501 1049 558 1130 γὰρ
581 1045 667 1108 οὐδὲν
688 1040 730 1107 ὧν
752 1045 841 1128 λέγω·
862 1050 900 1109 σὺ
921 1043 951 1108 cl'
978 1046 1083 1119 αἴτιος.

189 1174 328 1233 naturalis
349 1174 554 1232 sententiarum
576 1173 663 1230 series
688 1170 760 1228 hacc
781 1180 824 1229 est
856 1172 894 1231 σὺ
909 1167 937 1230 ‹i'
950 1168 1061 1242 αἴτιος·
1084 1169 1184 1230 πείθει
1203 1168 1261 1248 γὰρ

191 1276 276 1339 οὐδὲν
293 1270 317 1336 ὧ
338 1275 421 1358 λέγω.
467 1274 518 1335 sed
540 1286 573 1335 ut
593 1279 624 1334 in
645 1275 757 1352 vulgari
781 1285 809 1334 et
830 1279 974 1356 praesenti
995 1296 1125 1336 sermone
1146 1279 1262 1355 saepius

158 1401 160 1408 ⁴
189 1383 298 1462 logicus
319 1382 470 1443 verborum
493 1401 585 1442 nexus
607 1391 650 1440 est
671 1382 833 1460 neglectus,
865 1386 905 1441 sic
926 1383 982 1441 hoc
1009 1383 1070 1440 loco
1100 1391 1186 1460 poeta
1204 1390 1260 1439 tra·

191 1491 314 1548 iectione
342 1486 528 1546 cottidianum
558 1486 672 1545 dicendi
698 1506 790 1565 genus
820 1498 862 1547 est
890 1491 1032 1562 imitatus,
1058 1487 1260 1545 simulantem

190 1598 338 1662 incitatum
360 1593 503 1673 loquentis
524 1594 651 1651 animum
673 1594 891 1672 perturbatione
905 1594 955 1651 ille
969 1592 1108 1672 depinxit.
1138 1611 1261 1671 quacum

189 1701 378 1759 collocatione
401 1700 499 1758 confer
520 1698 641 1757 similem
664 1698 758 1757 locum
777 1699 879 1779 Eurip.
902 1699 949 1757 El.
975 1703 1034 1760 284

386 1819 437 1880 νέα
458 1819 525 1902 γάρ,
549 1817 634 1880 οὐδὲν
655 1818 765 1900 θαῦμ’,
789 1819 978 1900 anticipem
999 1820 1074 1881 νέου.

687 2025 826 2034 ·⁷-—-——

275 2180 335 2238 lam
359 2199 469 2238 summa
490 2159 629 2259 propositi
657 2200 709 2258 pro
730 2181 834 2238 virium
856 2178 971 2238 modulo
993 2179 1136 2257 completa
1156 2178 1260 2258 pedem

192 2287 332 2345 sistamus.
371 2284 475 2365 quodsi
497 2283 532 2344 de
552 2283 708 2357 nonnullis,
732 2304 807 2364 quae
827 2294 1046 2345 commemorata
1064 2284 1261 2363 exspectabas,

191 2390 335 2450 silentium
352 2403 403 2464 est,
427 2410 461 2448 ea
475 2393 588 2469 partim,
611 2400 712 2470 utpote
733 2394 802 2449 satis
823 2392 972 2470 explorata
993 2401 1022 2450 et
1039 2391 1177 2469 vulgaria,
1193 2391 1263 2450 data

160 2506 162 2509 '
187 2515 277 2576 opera
316 2496 437 2566 exclusi,
472 2499 575 2575 partim
607 2499 854 2555 commentationis
886 2497 970 2556 titulo
1004 2497 1136 2557 defendo.
1181 2496 1260 2577 quod

189 2610 286 2660 autem
308 2603 339 2659 in
361 2603 505 2680 praesenti
527 2600 723 2676 disputatione
748 2602 834 2661 fidem
856 2602 998 2662 librorum‘
1016 2606 1176 2662 accuratius
1197 2625 1260 2662 sum

189 2716 303 2766 secutus
337 2725 434 2786 neque
469 2706 629 2782 gloriosiori
661 2707 711 2764 illo
748 2706 928 2766 coniectandi
967 2708 1062 2768 studio
1090 2728 1137 2766 me
1168 2719 1259 2767 totum

190 2811 311 2884 tradidi,
336 2822 413 2871 recte
434 2813 533 2870 fecisse
555 2812 625 2869 milri
648 2811 755 2870 videor.
802 2814 934 2893 exempla
957 2817 1032 2873 enim
1054 2813 1208 2892 hyperbati
1230 2816 1260 2871 in

192 2919 247 2976 hoc
267 2917 365 2977 libello
388 2926 541 2993 congesta,
566 2919 675 2974 etiamsi
698 2918 811 2994 singula
833 2939 885 2998 per
907 2939 938 2978 se
960 2928 1088 2998 spectata
1107 2918 1260 2978 audaciora

190 3043 292 3103 saepe,
323 3043 409 3102 quam
438 3042 514 3101 quae
536 3023 602 3079 serri
626 3023 751 3100 possint,
783 3033 957 3102 appareant,
988 3026 1019 3082 in
1040 3043 1147 3100 genera
1169 3023 1259 3101 digeri

188 3131 347 3207 sociarique
383 3126 482 3200 videa,
518 3129 593 3185 intra
626 3147 699 3202 quae
729 3127 886 3187 similitudo
916 3138 945 3186 et
972 3129 1096 3188 affinitas
1126 3132 1258 3209 pertenui

189 3233 352 3292 discrimine
381 3231 499 3291 diducta
525 3234 610 3290 ctiam
632 3232 807 3308 singularem
829 3252 905 3311 quae
925 3233 1056 3293 videatur
1078 3236 1259 3294 insolentiam

188 3337 359 3417 plerumque
388 3341 456 3396 satis
486 3347 619 3417 tuentur,
652 3357 689 3395 ne
718 3357 911 3417 praepropera
941 3343 1099 3399 mutatione
1119 3343 1259 3399 sermonis

187 3443 348 3520 libertatem
370 3446 497 3520 artisque
511 3444 651 3500 rationem
665 3461 886 3521 compescamus.
918 3443 969 3502 sed
984 3454 1137 3524 postquam
1153 3446 1259 3523 figuras

187 3546 329 3606 liberioris
372 3547 575 3607 vocabulorum
620 3547 816 3605 collocationis
859 3549 1093 3628 perlustravimus
1130 3553 1258 3628 singulas

188 3651 370 3732 singillatim,
400 3664 432 3713 ut
465 3661 596 3731 suscepto
620 3672 737 3711 munere
760 3663 837 3713 recte
858 3653 1063 3732 defungamur,
1093 3655 1131 3716 de
1151 3657 1257 3717 eisdem

139 3788 142 3794 =
188 3757 271 3818 nobis
293 3778 370 3817 nunc
391 3757 596 3836 disputandum
619 3768 662 3816 est
684 3760 714 3816 in
736 3760 910 3818 universum.

273 3881 304 3940 Si
324 3884 389 3961 quis
409 3902 525 3954 causas,
547 3881 653 3961 quibus
676 3880 885 3940 diversissimae
907 3882 1059 3942 verborum
1079 3884 1258 3940 traiectiones

189 3986 376 4065 explicandae
392 3988 437 4045 vel
452 3986 633 4047 excusandae
647 3988 713 4059 sint,
729 3990 871 4066 exquiret,
895 3988 946 4055 has
969 4008 1006 4045 ex
1027 3990 1145 4067 propria
1166 3986 1258 4045 cuius·

187 4110 245 4168 que
266 4091 321 4152 loci
342 4094 567 4152 conformatione
585 4091 778 4151 aestimandas
800 4114 862 4153 esse
884 4093 1046 4169 intelleget,
1071 4094 1151 4151 nulla
1173 4095 1259 4169 igitur
