3034 4675
1263 254 1731 318 —104—

599 427 661 486 Si
712 427 1028 487 subiectum
1075 428 1358 487 enuntiati
1399 445 1471 488 ex
1517 429 1739 489 duobus
1796 430 2069 490 membris
2114 435 2344 513 constat
2360 475 2375 506 ,
2448 448 2571 491 nou

381 585 385 595 .
426 548 562 591 raro
605 532 689 607 fit,
735 539 800 592 ut-
845 534 988 593 haec
1021 534 1133 592 duo
1163 534 1397 593 nomina
1424 533 1764 609 praedicato
1794 536 2139 609 interposito
2169 536 2565 611 seiungantur.

424 634 500 695 cf.
547 637 714 698 Hom.
760 639 832 698 11.
880 640 940 698 II
987 639 1107 699 815

676 750 830 814 ἔνθα
874 752 1009 813 τότε
1061 751 1266 836 Τρῶές
1308 775 1370 813 τε
1415 751 1723 835 διέκριθεν
1765 744 1863 832 ἧδ’
1916 750 2231 837 ἐπίκουροι.

430 877 533 936 sed
591 876 746 936 idem
786 877 1020 937 accidit
1078 878 1251 937 etiam
1306 877 1438 937 aliis
1480 863 1895 938 sententiarum
1937 879 2213 939 membris
2229 924 2244 954 ,
2297 864 2369 939 ‘ut
2411 880 2572 953 apud

428 982 828 1056 Thucydidem
864 983 894 1040 I
939 984 974 1041 2
1022 978 1157 1038 οὔτε
1198 975 1444 1059 μεγέθει
1487 977 1716 1038 πόλεων
1750 959 1954 1055 ἴσχυον
1994 978 2322 1067 οὔτειᾶλλῃ
2366 1002 2576 1063 παρα-

427 1077 615 1169 σκευῇ
620 1129 634 1142 .
713 1088 818 1147 tali
848 1087 1156 1147 verborum
1185 1088 1640 1148 conformatione
1672 1095 1730 1148 et
1767 1089 1947 1148 verba
1983 1088 2265 1150 distracta
2289 1091 2569 1151 maiorem

414 1184 702 1270 ,consequi
774 1200 1073 1252 accentum
1146 1198 1205 1253 et
1275 1194 1612 1269 praedicato
1685 1193 1938 1253 medium
2015 1195 2204 1254 locum
2270 1196 2579 1255 obtinente-

431 1299 766 1372 rhythmum
808 1301 1092 1373 quendam
1145 1301 1424 1360 orationis
1462 1301 1711 1360 existere
1730 1345 1746 1376 ‚
1811 1301 1897 1360 ita
1952 1308 2018 1360 ut
2072 1302 2259 1361 oratio
2317 1305 2571 1375 primum

433 1405 594 1478 quasi
651 1405 964 1465 ascendere
979 1450 994 1479 ‚
1055 1405 1265 1465 deinde
1308 1406 1518 1465 sensim
1565 1405 1917 1465 descendere
1964 1405 2230 1466 videatur
2246 1452 2262 1483 ‚
2308 1407 2433 1480 quis
2478 1412 2571 1465 est

430 1510 530 1594 qui
583 1506 700 1569 non
758 1512 954 1570 statim
1014 1512 1302 1585 percipiat
1318 1509 1347 1567 Ῥ
1435 1512 1617 1570 multo
1677 1517 1869 1571 autem
1913 1512 2187 1571 maiorem
2237 1512 2574 1572 libertatem

431 1616 515 1674 eis
571 1615 714 1675 locis
771 1632 1082 1690 cognoscas
1099 1660 1114 1687 ‚
1191 1617 1395 1687 quibus
1428 1615 1697 1676 .verbum
1773 1616 1999 1676 finitum
2058 1618 2275 1692 plurali
2330 1633 2581 1676 numero

428 1720 681 1793 positum
712 1720 935 1781 duobus
965 1721 1240 1781 subiectis
1283 1722 1565 1795 singulari
1606 1722 1798 1781 forma
1840 1722 2185 1798 intercedat,
2228 1738 2569 1793 quamquam

428 1825 614 1898 priori
672 1826 891 1885 nomini
947 1826 1259 1887 succedens
1301 1828 1437 1886 huic
1481 1828 1771 1887 artissime
1828 1827 2375 1888 accommodandum
2423 1832 2579 1887 erat.

433 1947 603 2001 quam
645 1931 953 1990 verborum
995 1925 1439 1992 collocationem
1477 1932 1839 2005 grammatici
1898 1934 2129 1992 schema
2170 1933 2574 1993 Alcmanicum

432 2023 659 2095 vocant.
703 2034 778 2095 cf.
799 2036 1193 2109 Welckerum,
1221 2035 1548 2112 fragmenta
1569 2038 1868 2098 Alcmanis
1892 2056 1951 2112 p.
1973 2040 2053 2099 20
2067 2055 2175 2113 sq.‚
2198 2038 2580 2111 Wilpertum‚

343 2201 350 2208 ,
434 2140 507 2199 de
578 2135 870 2201 schemate
940 2142 1253 2202 Pindarico
1337 2149 1397 2201 et
1464 2143 1804 2203 Alcmanico
1890 2140 2305 2220 (Vratislaviae
2378 2138 2582 2219 1878)

431 2266 489 2321 p.
525 2249 605 2306 46
634 2264 757 2321 sqq.
801 2249 1251 2321 appellationem
1296 2248 1448 2307 enim
1489 2249 1634 2307 haec
1676 2248 1862 2322 figura
1905 2250 2131 2323 accepit
2174 2250 2247 2309 ab
2293 2250 2585 2308 Alcmane

433 2354 638 2428 lyrim,
685 2354 784 2425 qui
826 2370 953 2413 eam
997 2339 1225 2428 saepius
1268 2353 1677 2428 frequentabat
1722 2349 1824 2430 (cf.
1855 2355 2121 2416 Eustath.
2153 2372 2211 2428 p.
2250 2355 2393 2429 606,
2430 2347 2537 2430 38)
2556 2370 2582 2424 ς.

434 2459 536 2520 sed
621 2461 888 2533 exempla
974 2459 1148 2518 etiam
1237 2459 1298 2517 in
1397 2460 1639 2518 Homeri
1739 2461 2092 2521 carminibus
2179 2459 2583 2529 inveniuntur,

432 2562 510 2626 cf.
543 2565 615 2626 11.
647 2564 700 2623 V
739 2564 859 2623 774

642 2671 746 2758 ἧχι
792 2673 932 2760 ῥοὰς
975 2676 1217 2757 Σιμόεις
1259 2670 1670 2757 συμβάλλετον
1710 2677 1816 2756 ἠδὲ
1858 2671 2268 2762 Σκάμανδρος,

434 2793 543 2863 Od.
582 2804 640 2863 X
686 2803 808 2863 513
841 2821 946 2878 sq.‚
983 2802 1126 2862 XIV
1157 2804 1301 2874 216,
1346 2803 1418 2864 Il.
1451 2803 1568 2885 XX
1602 2802 1743 2866 138.
1806 2802 1941 2863 vide
1971 2802 2226 2862 Schnorr
2255 2820 2312 2863 v.
2344 2802 2584 2862 Carols-

435 2906 557 2967 feld
585 2909 626 2966 1.
661 2923 710 2967 c.
743 2925 802 2981 p.
841 2907 938 2971 11.
987 2924 1018 2966 e
1048 2907 1262 2967 litteris
1293 2906 1523 2967 Latinis
1553 2925 1840 2982 apponam
1870 2907 1975 2968 Ov.
2010 2907 2144 2968 fast.
2175 2907 2268 2967 III
2293 2908 2371 2966 37
2476 2889 2480 2894 “

485 3004 489 3010 ’
649 3024 910 3096 Martia,
944 3024 1146 3106 picus,
1190 3023 1321 3085 avis
1357 3023 1599 3106 yemino
1636 3045 1762 3107 pro
1804 3023 2005 3106 stipite
2044 3033 2324 3106 puynant

649 3141 701 3191 et
745 3129 893 3212 lupa
1392 3133 1404 3148 “

437 3250 511 3310 cf.
589 3252 765 3311 etiam
837 3252 1005 3314 Paus.
1067 3253 1118 3312 V
1179 3253 1252 3312 11
1277 3298 1292 3329 ,
1369 3254 1405 3311 2
1479 3247 1579 3307 καὶ
1652 3247 1767 3306 ὑπὸ
1840 3246 1948 3318 τὰς
2015 3247 2268 3328 σφίγγας
2342 3243 2586 3324 Νιόβης

439 3353 577 3422 τοὺς
643 3351 864 3422 παῖδας
915 3345 1220 3413 Ἀπόλλων
1291 3351 1749 3424 κατατοξεύουσι
1826 3349 1924 3410 καὶ
1977 3342 2279 3433 Ἄρτεμις.
2375 3356 2577 3415 eodem

418 3458 612 3521 'modo
683 3461 761 3520 ad
831 3459 1073 3536 figuram
1144 3463 1543 3523 Alcmanicam
1614 3478 1683 3521 ea
1740 3462 2006 3534 exempla
2058 3467 2193 3521 sunt
2246 3460 2585 3536 referenda‚

442 3566 647 3640 quibus
721 3568 1066 3627 attributum
1139 3568 1234 3627 vel
1306 3568 1595 3643 appositio
1666 3566 1740 3626 ad
1816 3565 1930 3625 duo
1995 3567 2225 3626 nomina
2288 3573 2578 3641 spectanS‚

442 3665 704 3747 quamvis
747 3673 930 3745 priori
973 3673 1194 3733 nomini
1236 3674 1505 3748 proxime
1541 3671 1953 3744 subsequatur,
2013 3677 2206 3732 tamen
2249 3673 2464 3747 plurali
2503 3673 2590 3733 sit

441 3794 712 3851 numer03
759 3778 940 3837 veluti
969 3774 1266 3837 Alcmanis
1311 3776 1421 3850 frg.
1471 3777 1507 3836 9
1554 3777 1766 3850 Bergk.

611 3886 880 3975 Κάστωρ
923 3914 986 3952 τε
1028 3890 1243 3953 πώλων
1286 3863 1486 3952 ὠκέων
1531 3890 1849 3974 δματῆρες,
1896 3888 2142 3951 ἱππόται
2184 3891 2377 3974 σοφοί,
2409 3876 2416 3881 ’

615 3999 707 4055 καὶ
767 3995 1143 4075 th'd'firwfjg
1185 3995 1402 4080 κτδρός

442 4131 502 4179 et
542 4123 707 4183 Pina.
759 4123 927 4195 Pylis*
979 4123 1055 4183 ΙΨ
1107 4122 1220 4182 178
