3034 4675
642 243 855 305 ..23-

298 419 353 489 σῆς
374 407 402 470 d‘
425 411 533 492 ἀρετῆς
555 411 604 470 καὶ
627 411 822 493 σωφροσύνης
843 419 988 491 μνημεῖον
1009 409 1128 474 ἅπασιν

298 516 406 587 λείπεις
425 515 529 597 οἰκτρὰ
554 514 667 576 παθὼν
688 516 797 597 μοίρας
818 507 877 576 ὕπο
898 516 1038 595 δαίμονος
1060 516 1184 600 ἐχθροῦ.
1241 517 1244 528 ’

212 621 251 681 ad
283 621 431 682 consimile
458 641 548 700 genus
577 623 698 681 fortasse
727 622 904 682 revocandus
926 626 980 683 erit
1000 625 1088 707 locus,
1113 645 1200 705 quem
1222 626 1284 683 Dil-

213 727 319 806 theyus
347 727 472 803 benigne
498 728 570 786 mihi
605 728 815 810 suppeditavit,
846 728 884 787 ab
914 728 1077 788 hominibus
1106 728 1197 789 doctis
1226 724 1285 789 non

212 841 290 892 recte
305 832 473 891 intellectus.
512 834 543 890 in
556 831 720 892 Philodami
735 837 941 913 epigrammate
960 834 1040 897 anth,
1058 834 1122 897 Pal.
1137 840 1203 908 VII,
1222 840 1282 899 222

215 937 285 998 inde
304 959 322 996 a
344 956 427 996 versu
452 944 468 997 5
489 924 564 994 lraec
586 943 686 997 extant
792 927 793 932 ἵ

259 1037 264 1048 ’
320 1043 338 1121 ἦ
359 1041 455 1121 μούνη
476 1038 623 1123 στέρξαοα
645 1043 683 1103 τὰ
704 1043 861 1126 Κύπριδος
883 1043 961 1125 ἀμφὶ
984 1052 1132 1124 γυναικῶν

380 1145 475 1229 ὄργια,
498 1146 547 1206 καὶ
571 1147 704 1230 φιλτριον
724 1148 848 1219 Λαΐδος
869 1147 1021 1229 ἁψαμένη.

214 1251 292 1333 quod
327 1251 488 1331 complures
525 1253 603 1335 ἀμφὶ
635 1260 785 1334 γυναικῶν
816 1258 971 1314 consociari
1003 1255 1171 1328 voluerunt,
1206 1252 1285 1312 haud

214 1356 302 1418 dubie
329 1357 436 1416 nubem
464 1378 516 1438 pro
546 1357 659 1417 Iunone
686 1358 812 1439 amplexi
847 1369 930 1435 sunt3
967 1362 1008 1417 ita
1036 1361 1112 1418 eninr
1142 1359 1198 1418 dici
1227 1380 1286 1418 non

214 1472 317 1544 potest,
347 1464 408 1522 sive
437 1464 564 1521 ‘seorsim
591 1483 609 1521 a
639 1463 815 1523 mulieribus’
839 1466 899 1523 sive
928 1466 1012 1523 ‘inter
1039 1465 1180 1524 mulieres’
1205 1466 1285 1524 velis.

214 1571 314 1649 itaque
347 1572 371 1627 si
407 1570 438 1626 in
471 1567 576 1627 codicis
611 1571 752 1649 scriptura
785 1578 828 1629 est
859 1568 1112 1649 acquiescendum,
1146 1569 1183 1628 ad
1216 1570 1286 1630 Κύ-

215 1674 319 1756 πριδος
355 1674 594 1753 praepositionem
639 1675 754 1733 referas.
807 1673 858 1734 sed
901 1677 986 1733 etiam
1021 1673 1105 1732 aliter
1145 1673 1286 1735 dubitatio

216 1781 339 1839 existere
367 1788 476 1859 potest,
515 1777 552 1836 ad
583 1777 729 1857 quodnam
758 1779 973 1840 substantivum
997 1782 1170 1860 praepositio
1199 1784 1286 1861 perti·

137 1861 141 1870 ί
215 1894 291 1945 neat.
329 1904 435 1965 ponam
456 1885 618 1963 promiscue
638 1904 731 1965 pauca
752 1886 901 1965 exempla:
924 1885 1011 1947 Hom.
1033 1885 1069 1950 Il,
1091 1889 1125 1959 V,
1150 1890 1211 1949 865

369 1987 514 2066 καίματος
536 1984 567 2061 ἒξ
589 1987 710 2068 ἀνέμοιο
732 1988 856 2062 δὀσάεος
878 1987 1059 2072 ὀρνυμένοιο.

215 2093 270 2158 Od.
298 2099 350 2167 VI,
385 2101 453 2156 195.
497 2094 615 2181 Kypria
641 2096 694 2173 fig.
727 2102 744 2158 6
777 2095 885 2154 Kinck.
915 2094 1045 2172 Catalogi
1072 2097 1125 2174 frg.
1161 2104 1228 2170 130,
1258 2105 1286 2159 5.

215 2201 349 2278 Theogn.
374 2205 412 2261 85
435 2217 496 2279 sq.:

323 2295 399 2366 οἷσιν
420 2302 466 2364 ἐπὶ
488 2306 608 2389 γλιοσσῇ
629 2327 661 2366 τε
683 2305 733 2366 καὶ
755 2305 963 2388 ὀφθαλμοῖσιν
984 2302 1101 2367 ἔπεστιν

383 2410 484 2486 αἰδὼς,
508 2406 571 2470 orid’
594 2411 718 2492 αἰσχρὸν
736 2408 831 2493 χρῆμ’
855 2407 901 2470 ἔπι
924 2410 1027 2491 κέρδος
1047 2411 1120 2490 λέγει.

300 2515 368 2574 Tib.
391 2520 430 2589 II,
455 2523 483 2590 5,
509 2523 547 2579 66
585 2517 708 2580 iactavit
724 2517 818 2597 fusas
837 2526 865 2578 et
886 2525 979 2597 caput
1000 2526 1069 2577 onte
1090 2536 1201 2578 comos.

163 2674 165 2679 ι
218 2642 276 2701 quo
308 2621 409 2681 ultimo
443 2622 505 2682 loco
537 2620 770 2698 coniungendum
799 2629 843 2679 est
874 2628 913 2678 ‘et
942 2621 1058 2678 iactavit
1083 2639 1178 2678 comas
1209 2621 1287 2679 fusas
1347 2614 1348 2621 '

217 2736 284 2786 ante
311 2714 407 2807 caput‘
430 2731 447 2790 i,
470 2746 496 2790 e.
524 2711 592 2786 ante
621 2728 753 2786 frontem.
797 2726 912 2802 longius
940 2726 1079 2805 processit
1101 2724 1235 2790 Pallados
1256 2728 1286 2783 in
1349 2756 1351 2767 ν

218 2834 431 2912 epigrammate,
455 2831 534 2912 quod
555 2834 586 2891 in
607 2833 817 2891 foeneratorem
831 2830 976 2911 quendam
999 2831 1112 2909 scripsit
1132 2828 1235 2890 ludens
1256 2833 1286 2888 in

218 2935 325 3018 duplici
347 2937 554 3015 significatione
575 2937 707 2996 vocabuli
728 2945 843 3018 ψῆφος,
866 2936 945 2995 anth.
969 2935 1031 2992 Pal.
1052 2935 1105 3007 XI,
1130 2941 1206 2997 290:

322 3041 502 3121 ιλακτυλικὴν
522 3040 630 3123 ψῆφόν
651 3065 697 3114 τις
718 3039 795 3122 ἔχων
816 3039 882 3122 πέρι
903 3039 1036 3100 dilatato
1055 3047 1164 3121 χειρῶν

363 3148 481 3231 ’ψήφῳ
502 3155 557 3208 τοῦ
578 3146 717 3208 θανάτοιν
739 3148 908 3229 προῦλαβεν
930 3146 972 3217 εἰς
993 3145 1089 3224 ἀίδην,

219 3253 304 3330 primi
325 3272 424 3312 versus
446 3275 511 3317 cum
533 3262 609 3313 certe
631 3254 702 3312 haec
718 3256 755 3313 sit
776 3255 934 3312 sententia:
958 3253 1165 3310 foeneratorem
1186 3270 1288 3309 manus

219 3367 387 3437 occupatum
422 3379 484 3418 esse
519 3362 550 3417 in
586 3359 702 3418 calculis
738 3357 895 3439 ponendis,
930 3356 1088 3417 ordinanda
1125 3364 1168 3413 est
1196 3358 1287 3414 oratio

219 3458 294 3541 ἔχων
322 3462 360 3522 τὰ
388 3462 522 3524 δάκτολα
548 3471 659 3545 χειρῶν
684 3463 752 3545 περὶ
781 3462 962 3541 (λακτυλικὴν
989 3468 1104 3542 ψῆφον.
1148 3470 1180 3519 ut
1200 3460 1289 3520 verba

217 3576 313 3627 autem
335 3590 353 3627 a
377 3579 463 3648 poeta
485 3579 552 3629 sunt
573 3568 727 3643 collocata,
757 3572 808 3648 qui
831 3589 944 3628 versum
966 3566 1121 3648 perlegerit
1141 3575 1192 3624 aut
1211 3569 1287 3624 anri-

219 3672 272 3732 bus
293 3677 462 3753 perceperit,
485 3677 609 3754 primum
624 3694 759 3754 perversa
774 3676 986 3734 constructione
1006 3673 1161 3748 coniungat
1181 3679 1289 3753 ψῆρον

218 3798 283 3837 cnm
306 3773 382 3857 ἔχων
403 3790 432 3840 et
451 3780 521 3861 napi
539 3800 604 3839 oum
626 3778 769 3839 δ’άκτολα.
801 3779 853 3840 sed
867 3778 991 3838 difficilis
1010 3785 1040 3834 et
1059 3776 1180 3836 obscura
1202 3775 1288 3835 dictio

219 3887 250 3943 in
278 3880 411 3962 argutum
441 3887 653 3964 epigrammatis
681 3895 882 3962 argumentum
904 3905 963 3943 non
991 3881 1067 3940 male
1092 3880 1223 3961 quadrat.
1247 3916 1287 3926 -·

219 3993 396 4050 seiunximus
426 3991 463 4050 ab
490 3990 678 4068 anastrophes
707 4009 813 4066 genere
843 4009 906 4049 eam
938 3988 1132 4047 collocationis
1163 3989 1287 4063 speciem

219 4098 554 4175 poetisusitatissimam,
571 4115 629 4175 qua
644 4093 854 4153 substantivum
877 4104 906 4152 et
926 4094 1100 4173 praepositio
1122 4092 1186 4150 aliis
1207 4109 1289 4150 voca-
