3034 4675
625 223 836 286 ..94-

202 399 310 483 cipintr'
337 402 456 475 formae
478 402 646 475 literarum,
677 398 743 460 Liv,
766 398 795 456 X
818 398 858 456 46
880 411 957 476 quoe
986 379 1086 474 spolia
1107 371 1180 451 1010
1209 392 1274 464 fre·

202 503 306 589 quenti
327 503 524 586 publicorum
550 513 662 565 ornatu
684 498 821 563 locorum
844 507 947 568 erana·
969 506 1055 573 atque
1077 499 1115 558 16
1135 497 1272 573 Apuleio,

203 614 253 688 qui
267 614 346 672 hisce
362 611 449 672 rebus
464 611 589 681 excellit,
602 610 669 670 vido
680 607 911 670 Koziolihbrum
923 606 980 666 Stil
995 605 1046 665 des
1055 603 1144 677 Apul.
1155 621 1185 677 p.
1199 603 1272 662 333.

288 739 350 797 Iam
378 738 492 810 longam
522 736 599 796 riam
628 736 788 811 permensis
816 735 966 808 paulisper
993 730 1077 791 nobis
1104 735 1184 788 retro
1206 743 1272 788 ver·

206 844 324 904 tendum
354 848 399 902 est
426 842 498 912 iter,
528 847 561 899 ut
588 842 717 901 carmina
746 841 891 914 dactylico
915 843 1008 898 metro
1030 836 1204 910 composita,
1234 834 1273 892 ad

205 966 278 1024 quae
312 950 343 1007 iu
380 945 520 1021 proximis
551 946 646 1007 minus
678 944 950 1018 animadvertimus,
988 943 1076 1016 paulo
1111 935 1275 1001 accuratius

205 1054 420 1129 perlustremus.
466 1052 598 1112 consulto
627 1058 722 1112 autem
744 1052 797 1110 illa
825 1051 974 1123 hucusque
995 1046 1124 1122 seposui‚
1153 1061 1217 1105 oum
1239 1060 1274 1103 ea

205 1158 378 1220 coniunctim
400 1135 497 1230 potius
519 1162 646 1216 tractare
668 1158 740 1217 mihi
759 1162 836 1216 esset
858 1155 1048 1230 propositum.
1078 1158 1181 1226 poetae
1197 1150 1273 1209 enim

206 1262 346 1336 dactylici
367 1266 397 1320 et
418 1261 541 1335 elegiaci
563 1279 648 1335 quam
669 1263 795 1322 maxime
816 1266 914 1320 amant
935 1259 1122 1319 artificiosam
1143 1256 1224 1314 illam
1246 1260 1299 1340 et·

206 1368 242 1429 ab
265 1367 369 1427 ordine
389 1367 516 1426 naturali
537 1368 721 1427 recedentem
741 1367 960 1426 collocationem
979 1361 1224 1423 substantivorum
1246 1364 1276 1418 et

206 1473 433 1560 adiectivorum‚
475 1478 509 1529 ut
545 1473 674 1532 homines
711 1472 791 1532 docti
829 1477 923 1531 certas
960 1468 1098 1543 quasdam
1136 1465 1277 1525 formulas

207 1579 380 1653 detexerint,
403 1576 557 1650 quasillis
579 1578 673 1651 poetis
699 1575 809 1636 fuerint
830 1578 860 1634 in
881 1575 1002 1634 deliciis.
1035 1573 1067 1631 in
1089 1572 1193 1631 ceteris
1207 1586 1278 1630 vero

207 1685 366 1743 carminum
395 1681 550 1756 generibus
578 1683 695 1741 minime
722 1679 863 1742 eiusmodi
885 1673 1027 1753 σχήματα
1049 1676 1187 1738 constitui
1208 1694 1275 1751 pos·

208 1791 283 1861 sunt,
316 1802 503 1859 quamquam,
541 1792 573 1844 ut
609 1804 698 1862 snpra
728 1787 870 1859 vidimus,
908 1790 938 1843 et
970 1784 1000 1842 in
1031 1783 1090 1841 illis
1122 1782 1278 1842 inusitatae

207 1892 358 1950 iuncturae
378 1890 456 1949 haud
478 1907 546 1950 raro
568 1894 761 1966 reperiuntur.
805 1897 907 1951 contra
934 1893 1039 1965 poetas
1061 1887 1216 1962 dactylici,
1245 1886 1276 1944 in

207 1996 309 2071 primis
337 1996 446 2069 elegiae
476 1998 619 2069 cultores,
652 1998 689 2057 de
717 1997 862 2057 industria
883 1995 1070 2055 adsciverunt
1091 1982 1277 2051 artificiosam

208 2102 329 2175 seriem,
371 2116 436 2158 cum
472 2101 510 2160 ad
547 2099 771 2162 conformandos
807 2103 991 2161 hexametros
1028 2104 1058 2158 et
1096 2098 1277 2171 potissimum

209 2212 406 2279 pentametros
436 2207 507 2265 haec
538 2209 613 2267 ratio
641 2209 764 2267 multum
793 2207 914 2266 valeret.
955 2205 1008 2264 sed
1036 2219 1094 2261 nou
1115 2209 1201 2277 pares
1223 2203 1277 2261 hac

209 2314 240 2371 in
264 2311 471 2372 consuetudine
491 2319 593 2386 poetas
616 2312 743 2373 Graecos
765 2319 795 2372 et
815 2312 937 2372 Latinos
965 2326 1028 2370 esse
1055 2308 1149 2384 primo
1177 2306 1279 2368 obtutu

209 2419 338 2477 carmina
359 2416 519 2490 perlegenti
541 2418 703 2491 apparebit.
741 2418 866 2477 Romani
888 2416 963 2475 enim
984 2416 1059 2473 hanc
1081 2414 1279 2473 traiectiouem

210 2523 313 2581 mirum
347 2526 484 2594 quantum
515 2520 736 2595 frequentarunt
760 2529 847 2595 atque
875 2522 936 2581 eius
962 2521 1097 2596 generis,
1134 2536 1191 2594 quo
1212 2519 1279 2578 suh-

211 2628 368 2686 stantivum
390 2643 408 2685 a
430 2643 480 2685 suo
503 2633 655 2700 utrumqne
683 2628 828 2688 adiectivo
850 2632 1017 2702 separatur,
1036 2632 1083 2709 ⁴ut
1110 2625 1281 2699 plerumque

211 2732 393 2792 hemistichia
421 2733 584 2791 litterarum
614 2733 702 2792 simili
731 2734 812 2792 exitu
841 2731 995 2808 finiantur,
1025 2732 1115 2789 multo
1142 2731 1280 2789 maiorem

212 2837 408 2910 exemplorum
443 2854 594 2896 numerum
632 2839 709 2913 apud
745 2838 867 2898 Latinos
902 2838 1033 2896 invenies
1077 2852 1163 2910 quam
1202 2827 1303 2909 apuo'

211 2947 313 3016 poetas
333 2940 469 3002 Graecos.
514 2959 614 3002 verum
636 2944 723 3003 etiam
739 2944 778 3002 hi
799 2946 876 3003 inter
898 2960 929 3002 se
951 2943 1070 3002 distant.
1105 2941 1283 3013 antiquiores
1331 3001 1337 3011 ,

212 3048 289 3106 enim
320 3047 498 3108 Graecorum
526 3054 630 3123 poetae
660 3049 781 3123 elegiaci
813 3066 881 3109 raro
911 3054 1024 3107 tantum
1052 3043 1210 3106 artificiosa
1229 3045 1282 3104 illa

213 3154 424 3226 symplegmate
454 3153 633 3213 admiserunt
663 3148 715 3231 (cf.
744 3157 781 3215 A.
811 3155 941 3227 Langen,
971 3152 1008 3211 16
1037 3151 1160 3211 disticho
1190 3151 1281 3210 Grae-

213 3275 311 3317 corum
341 3260 467 3331 elegiaco
489 3276 558 3332 pars
579 3260 603 3333 Ι,
626 3277 655 3334 p.
681 3260 731 3335 16,
754 3260 805 3334 34,
829 3254 901 3335 40),
931 3274 996 3316 oum
1025 3265 1128 3332 poetae
1154 3258 1282 3316 Alexan·

217 3363 295 3422 drini
317 3380 351 3422 66
372 3362 498 3423 libenter
521 3365 680 3437 arripuisse
702 3364 856 3424 videantur
865 3358 901 3440 ¹).
928 3364 1027 3437 itaque
1048 3363 1179 3436 quamvis
1193 3361 1284 3435 prisci

214 3468 324 3540 elegiae
345 3468 469 3527 cultores
489 3470 564 3528 hanc
585 3486 646 3528 rem
666 3470 863 3544 praeiverint,
897 3474 994 3528 tamen
1019 3475 1129 3528 certum
1156 3468 1283 3527 studium

214 3572 426 3634 substantivum
448 3590 466 3631 6
486 3591 537 3633 suo
549 3581 710 3648 «utrumque
732 3574 878 3634 adiectivo
901 3573 1057 3633 diducendi
1083 3575 1161 3648 apud
1182 3578 1285 3647 poetas
1353 3608 1357 3621 ι

215 3679 430 3739 Alexandrinos
467 3680 580 3739 demum
611 3695 761 3754 agnoscas.
808 3680 1002 3739 Romanorum
1039 3684 1134 3740 autem
1172 3678 1287 3753 ‘poetae

214 3865 417 3876 ——m-

302 3985 323 4050 1)
348 3988 418 4037 Illud
435 4004 489 4038 non
513 3997 552 4039 est
574 3990 752 4053 omittendum,
778 4004 792 4037 6
815 3990 1183 4040 recentioribus'Graeeorum
1201 3989 1286 4051 poetis

215 4076 337 4126 Nonnum
356 4077 489 4126 Romanos
509 4085 599 4139 poetas
617 4077 744 4143 elegiacos
762 4092 869 4140 prorsus
887 4083 1041 4142 adaequare.
