3034 4675
526 288 841 354 .-35μ

186 459 313 519 verbum
341 458 478 537 precandi
500 459 546 517 vel
569 434 730 519 obtestandi
753 478 841 537 saepe
866 467 991 530 tacetur,
1022 476 1082 518 non
1107 477 1171 516 raro
1200 477 1266 535 pro·

190 585 301 625 nomen
323 560 358 624 σέ
376 564 423 623 vel
445 582 551 623 nomen
574 566 651 634 cius,
674 567 725 644 qui
748 566 906 640 invocatur,
927 563 960 623 ut
982 566 1072 623 oratio
1094 561 1216 621 vividior
1237 571 1267 622 et

188 671 391 730 vehementior
419 670 484 742 fiat,
516 671 591 728 inter
620 672 863 749 praepositionem
893 679 922 728 et
948 669 1157 732 substantivum
1179 674 1266 732 inter·

189 778 318 855 ponitur.
363 776 400 833 cf.
422 773 510 853 Soph.
532 775 639 839 Trach.
664 780 725 837 436
748 794 806 853 sq.·

100 875 103 880 Ι
345 896 402 976 μή,
426 893 501 977 πρός
521 918 553 957 σε
576 904 630 956 τοῦ
651 893 718 956 κατ’
741 895 833 977 ἄκρον
860 894 984 958 Οἰταῖον
1005 896 1100 980 πάγον

347 1000 422 1073 Διὸς
443 1000 734 1084 accomodaremus,
758 998 905 1085 ἕκκλὲψῃς
927 1000 1022 1083 λόγον.

190 1127 265 1185 haec
293 1109 370 1186 enim
398 1128 563 1201 collocatio,
593 1148 651 1208 qua
674 1148 755 1187 casus
777 1149 796 1186 a
817 1131 1029 1207 praepositione
1049 1130 1179 1209 pendens
1200 1150 1265 1209 pro-

191 1234 310 1291 nomine
330 1232 474 1311 personali
496 1231 856 1310 interiecto‘disiuugitnr,
888 1237 979 1310 magis
1007 1243 1149 1294 attentum
1170 1233 1266 1294 reddit

195 1337 356 1397 auditorem
385 1349 415 1396 et
443 1338 539 1397 verbis
568 1341 706 1418 separatis
734 1340 805 1416 ipsis
832 1337 948 1398 additur
969 1342 1095 1417 gravitas
1117 1349 1146 1399 et
1173 1343 1265 1414 omnis

190 1446 353 1521 sententiae
380 1445 432 1502 vis.
480 1443 644 1504 huiusmodi
673 1453 706 1503 nt
734 1445 776 1501 ita
804 1443 896 1503 dicam
925 1445 1083 1504 rhetoricae
1112 1445 1264 1505 verborum

193 1551 371 1609 traiectionis
403 1549 536 1627 exempla
575 1548 652 1628 apud
686 1548 864 1627 Aeschylum
897 1549 1027 1609 nondum
1062 1552 1279 1625 inveniuntur3.
1387 1611 1390 1622 ,

190 1654 350 1732 Sophocles
368 1663 465 1714 autem
487 1674 550 1713 eam
570 1674 656 1734 quam
679 1655 804 1712 maxime
824 1655 1032 1734 frequentavit3
1056 1657 1091 1714 cf.
1110 1655 1264 1715 Schneide-

192 1763 303 1821 winum
319 1759 355 1818 ad
370 1758 405 1819 0.
421 1760 453 1821 Ο.
469 1780 496 1818 v.
519 1765 607 1822 1333.
636 1762 827 1837 posteriorum
840 1768 1000 1840 temporum
1014 1770 1117 1839 poetae
1128 1781 1264 1850 magnum

189 1866 391 1943 exemplorum
406 1884 558 1924 numerum
578 1864 779 1944 suppeditant3
802 1865 837 1923 cf.
857 1841 958 1944 Eurip.
974 1866 1052 1925 Med.
1069 1872 1140 1940 324,
1165 1868 1263 1945 Apoll.

192 1968 289 2029 Rhod.
318 1971 466 2043 111984,
507 1970 594 2030 Babr.
619 1975 675 2043 02,
701 1979 728 2043 4,
771 1970 938 2029 Alexander
958 1965 1055 2031 Aetol.
1077 1972 1131 2049 frg.
1158 1980 1187 2045 1,
1213 1978 1261 2046 23,

188 2076 272 2134 anth.
302 2076 364 2135 Pal.
394 2076 455 2135 VH
485 2082 555 2147 540,
589 2082 621 2149 1;
652 2075 703 2135 sed
731 2075 816 2155 plura
840 2077 941 2135 afferre
969 2077 1088 2154 longum
1111 2088 1167 2155 est,
1198 2098 1264 2138 cnm

189 2190 429 2241 commentatores
451 2189 479 2241 et
494 2181 618 2241 editores
632 2181 712 2241 hunc
725 2200 809 2239 usum
822 2179 940 2241 abunde
953 2182 1175 2260 illustraverint3
1197 2182 1264 2242 vide

193 2288 378 2366 Kruegerum
399 2287 433 2346 II
457 2292 506 2360 08,
533 2294 560 2361 5,
585 2293 618 2361 2,
652 2285 834 2365 Elmsleyum
863 2296 891 2346 et
912 2288 1072 2347 Porsonum
1098 2288 1135 2347 ad
1160 2290 1262 2369 Eurip.

190 2393 271 2451 Med.
297 2399 367 2466 324,
408 2370 511 2452 Hensil
541 2395 657 2452 exercit.
687 2394 748 2451 crit.
782 2395 812 2451 iu
841 2394 941 2471 Eurip.
971 2394 1044 2470 frgg.
1071 2417 1099 2473 p.
1126 2399 1164 2455 28
1187 2415 1262 2474 sqq,

188 2498 361 2560 Jacobsium
375 2499 455 2557 anth.
471 2499 533 2557 Pal.
550 2499 598 2558 III
618 2522 646 2578 p.
665 2505 724 2563 359
742 2519 786 2578 sq.
807 2497 846 2556 ad
858 2498 919 2556 VII
935 2504 1005 2571 540,
1030 2506 1055 2572 1,
1078 2499 1123 2557 IV
1145 2522 1173 2578 p.
1191 2506 1262 2574 748,

189 2602 230 2662 ad
251 2604 315 2663 XII
346 2608 400 2677 80,
433 2611 460 2666 3.
505 2605 658 2682 singularis
678 2614 775 2664 autem
797 2612 841 2664 est
862 2605 1006 2676 traiectio,
1030 2624 1118 2683 quam
1140 2606 1263 2666 Babrius

188 2708 308 2767 admisit
333 2709 396 2767 loco
425 2728 513 2787 supra
541 2713 597 2768 iam
619 2711 706 2769 allato
730 2715 757 2784 3,
787 2717 820 2770 17
846 2708 920 2790 πρὸς
942 2687 995 2768 rot
1016 2730 1049 2770 σε
1071 2708 1185 2782 Πανός,
1211 2711 1263 2770 ubi

188 2816 369 2873 accusativus
397 2817 575 2893 pronominis
602 2818 633 2874 in
662 2816 852 2876 obtestatione
881 2817 955 2874 inter
969 2815 1133 2885 „articulum
1163 2825 1191 2874 et
1212 2816 1262 2874 ad-

190 2921 325 2978 iectivum
348 2930 392 2978 est
410 2918 588 2979 collocatum.

278 3042 326 3099 Ex
347 3041 392 3099 his
412 3042 545 3101 omnibus
566 3042 705 3122 exemplis
733 3043 931 3117 cognoscimus
960 3043 991 3099 in
1020 3041 1126 3100 talibus
1148 3040 1263 3100 dicendi

189 3146 321 3205 formulis
337 3146 464 3207 Graecos
486 3146 603 3226 quidem
625 3147 718 3206 solum
740 3147 932 3204 amnestivum
946 3142 982 3206 σέ
995 3148 1179 3223 interponere
1200 3166 1262 3206 esse

189 3250 306 3326 solitos3
329 3261 360 3310 at
380 3252 478 3311 Latini
499 3252 662 3312 liberiorem
683 3274 768 3313 usum
793 3260 928 3312 secuntur
937 3250 972 3332 ¹).
1006 3271 1073 3310 nam
1095 3272 1155 3314 non
1176 3250 1262 3311 modo

190 3375 350 3434 pronomen
372 3361 516 3435 precantis
537 3360 612 3416 inter
632 3358 877 3436 praepositionem·
893 3364 922 3415 et
943 3356 1153 3416 substantivum
1175 3359 1262 3422 inter·

191 3458 268 3521 cedit
297 3460 345 3542 (cf.
369 3463 458 3521 Ennii
487 3463 543 3540 frg.
567 3469 584 3523 2
614 3461 700 3521 Ribb.
724 3485 751 3541 p.
780 3468 817 3522 15
842 3482 902 3545 per
924 3482 977 3544 coo
1000 3463 1089 3524 deum
1116 3462 1262 3525 sublimas

189 3567 324 3639 cubices,
370 3566 422 3627 Ov.
447 3578 513 3626 met.
545 3568 577 3626 X
600 3566 671 3648 20),
701 3566 753 3625 sed
785 3586 848 3624 cum
882 3566 931 3625 illo
964 3568 1050 3624 etiam
1079 3569 1262 3627 coniunctum

279 3811 299 3872 1)
316 3813 447 3863 Accurate
465 3815 564 3863 litteras
583 3814 690 3862 Latinas
708 3814 757 3863 hac
778 3815 810 3861 de
830 3826 858 3861 re
878 3818 1054 3874 perscrutatus
1074 3822 1114 3860 est
1126 3811 1263 3876 Obbarius,

190 3900 255 3949 tiber
277 3903 319 3951 die
343 3905 426 3952 durch
449 3898 492 3951 die
510 3902 603 3964 Pracp.
628 3916 675 3963 per
692 3901 865 3950 vermittelten
884 3901 950 3949 Bitt-
970 3903 1024 3949 und
1043 3900 1263 3950 Schuursormehr

191 3990 220 4038 in
238 3994 284 4039 der
302 3993 408 4041 Anrede
426 3993 454 4040 in
472 3990 565 4040 Philol.
586 3990 610 4037 V
627 4006 652 4053 p.
672 3991 721 4041 145
740 4005 794 4052 sqq.
829 3997 932 4052 praeter
955 4002 1033 4050 quem
1056 3988 1091 4052 cf.
1112 3988 1261 4036 Ruhnkenii

190 4080 219 4127 in
237 4079 352 4137 Terentii
377 4082 525 4130 comoedias
549 4080 646 4127 dictata
670 4095 695 4142 p.
717 4081 764 4141 51,
788 4079 904 4127 eiusdem
928 4078 1027 4125 dictata
1044 4077 1072 4124 in
1091 4073 1140 4126 Os.
1160 4076 1260 4124 heroid.

190 4182 215 4229 p.
235 4169 276 4228 65,
296 4170 465 4233 Forbigerum
485 4171 518 4218 ad
536 4169 614 4229 Verg.
637 4167 702 4216 Aen.
722 4169 749 4216 lI
773 4168 827 4217 143.

1003 4255 1006 4259 ,
1050 4246 1089 4296 3*
