3034 4675
631 276 846 340 ,37-

199 468 274 505 nam
295 466 360 505 cum
381 445 574 524 respondeant
595 445 650 506 sibi
672 448 795 505 invicem
817 447 958 526 ‘que-et',
980 446 1059 505 locus
1080 448 1121 505 ita
1141 455 1186 506 est
1207 466 1274 506 con·

196 551 357 634 strueqdus
389 558 441 625 ‘te,
471 571 536 611 mea
567 553 697 626 alumna,
728 572 829 631 precor
857 571 967 632 perque
995 561 1075 611 tuum
1097 571 1223 611 amorem
1246 562 1275 611 et

200 677 256 737 per
278 675 363 717 saeva
383 657 494 716 lumina
515 657 672 737 Ilithyiae’.
718 657 871 716 artificiosa
892 656 1009 736 quidem
1038 666 1081 717 est
1102 666 1130 717 et
1151 657 1274 716 difficilis

203 762 275 821 haec
296 762 450 823 verborum
466 763 632 836 collocatio,
654 761 704 821 sed
727 782 745 821 a
766 772 852 841 poeta
874 762 958 822 huius
979 765 1128 836 carminis,
1152 783 1273 842 operoso

200 867 302 928 labore
334 866 548 927 Alexandrinos
588 870 719 928 imitante
748 868 796 926 vel
832 877 941 928 certum
972 867 1089 948 aliquod
1125 868 1274 949 exemplar

198 973 433 1033 Alexandrinum
454 976 633 1052 exprimente
648 972 695 1054 (of.
713 972 868 1045 Rohdium,
893 971 946 1032 der
958 974 1136 1050 griechisohe
1150 974 1271 1046 Roman,

205 1103 234 1160 p.
256 1087 295 1143 93
319 1080 392 1161 sq),
421 1081 540 1138 fortasse
563 1059 606 1138 ¹no
636 1078 767 1156 naliena3
801 1080 842 1137 sic
869 1081 954 1138 etiam
984 1078 1114 1139 codicum
1133 1081 1275 1157 scriptura

200 1185 335 1266 tperdere
356 1184 435 1245 salva
457 1203 558 1263 precor
577 1183 696 1243 flumina
716 1182 862 1262 Ilithyiae’
886 1184 1021 1243 facillime
1042 1193 1167 1244 sanatur.

288 1292 357 1352 Non
378 1293 459 1370 parvi
480 1292 617 1349 momenti
637 1290 708 1348 mihi
730 1308 793 1348 esse
814 1288 928 1348 videtur
949 1292 1094 1370 quaestio,
1125 1310 1195 1350 num
1216 1290 1273 1349 Ro·

199 1399 281 1456 mani
297 1397 475 1457 Graecorum
489 1415 572 1455 usum
594 1395 683 1453 secuti
704 1394 759 1453 hac
779 1397 947 1455 traiectione
967 1398 1025 1455 sint
1045 1397 1099 1456 usi.
1129 1394 1274 1455 Obbarius

198 1502 320 1581 quidem
348 1504 389 1561 ita
416 1521 477 1560 rem
506 1519 568 1561 sese
595 1499 701 1559 habere
722 1499 892 1576 arbitratur3
914 1499 983 1560 dicit
1000 1503 1077 1561 enim
1100 1500 1157 1560 ‘die
1177 1510 1274 1560 nattir
1341 1539 1344 1546 ,

201 1607 280 1667 liche
300 1605 443 1684 Ordnung
464 1606 575 1665 scheint
595 1604 642 1665 die
663 1606 867 1683 ursprtinglich
888 1589 1056 1665 lateinisclie
1077 1627 1114 1666 zu
1134 1609 1211 1681 sein;
1226 1605 1274 1666 die

202 1712 345 1772 Komiker
367 1712 462 1771 haben
483 1719 579 1771 zuerst
601 1709 648 1768 die
662 1711 868 1771 verschrtnkte
882 1711 1015 1771 Structur
1036 1714 1067 1770 in
1088 1711 1135 1770 die
1156 1712 1273 1771 Schrift-

198 1818 323 1897 sprache
352 1817 531 1895 eingeiithrt3
560 1814 613 1874 das
636 1816 814 1892 griechische
842 1815 937 1876 Idiom
966 1816 1080 1876 mochte
1107 1818 1182 1875 auch
1210 1819 1274 1877 hier

200 1922 393 2001 massgebend
421 1923 501 1982 sein'.
554 1921 670 1980 difficile
699 1919 817 2001 quidem
848 1930 891 1980 cst
918 1921 993 1980 hanc
1019 1941 1080 1981 rem
1101 1920 1271 1999 decernere,

196 2039 299 2090 tamen
329 2050 394 2088 cum
420 2028 544 2089 Romani
577 2028 714 2085 maiorem
746 2026 908 2086 libertatem
940 2026 1153 2107 adsumpserint
1183 2039 1212 2089 et
1243 2032 1274 2088 in

199 2135 364 2216 pedestrem
379 2152 496 2212 quoque
510 2135 667 2192 orationem
686 2141 846 2192 contortam
868 2132 1083 2191 collocationem
1102 2137 1273 2213 receperint,

198 2260 375 2320 propensam
403 2238 500 2317 aliquo
530 2237 615 2297 modo
644 2257 756 2316 semper
786 2240 817 2297 in
843 2238 918 2296 hanc
948 2256 1009 2297 rem
1036 2239 1125 2298 fuisse
1152 2241 1275 2300 Latinae

201 2346 320 2424 linguae
337 2345 502 2404 facultatem
517 2352 620 2423 putare
634 2344 739 2403 malim.
778 2364 873 2424 neque
886 2345 1082 2404 Romanorum
1104 2365 1273 2421 sermonem,
1344 2335 1346 2343 Α

200 2451 253 2511 ubi
282 2432 373 2510 oratio
402 2458 580 2527 assurgeret,
614 2451 774 2529 antiquitus
807 2449 1022 2509 insolentiorum
1054 2455 1275 2532 praepositionis

198 2555 419 2616 collocationem
447 2558 593 2632 ignorasse
615 2554 699 2614 docet
720 2556 802 2614 Festi
823 2557 853 2614 in
874 2555 940 2628 alia,
963 2554 1013 2614 sed
1036 2558 1121 2616 simili
1144 2578 1176 2618 re
1197 2564 1275 2620 testi·

202 2664 341 2733 monium,
363 2659 442 2740 quod
464 2660 538 2719 infra
560 2659 638 2739 apud
659 2663 763 2720 tmesin
784 2680 848 2719 sum
870 2661 1041 2739 prolaturus.

288 2765 337 2824 Ab
366 2766 412 2824 his
441 2765 602 2825 obtestandi
630 2767 760 2825 formulis
782 2786 860 2825 nunc
881 2765 920 2824 ad
940 2766 1106 2827 audaciores
1128 2773 1273 2848 praeposi-

201 2874 316 2930 tionum
338 2868 543 2931 disiunctiones
564 2870 791 2950 progrediamur.
835 2874 892 2930 iam
914 2871 992 2950 apud
1012 2872 1181 2947 Homerum,
1203 2884 1236 2933 ut
1257 2895 1275 2934 a

201 2978 302 3054 lingua
332 2976 509 3037 Graecorum
539 2979 652 3037 initium
676 2977 829 3049 iacIamus,
852 2985 953 3036 extant
973 2979 1105 3038 nonnulli
1125 2979 1188 3051 loci,
1213 2982 1277 3059 qui·

202 3082 258 3142 bus
279 3083 453 3160 praepositio
474 3102 492 3140 a
514 3102 582 3142 casu
601 3082 822 3142 insolentissime
844 3091 887 3141 est
907 3092 1038 3161 separata
1059 3100 1154 3161 neque
1172 3084 1276 3141 tmesin

199 3186 356 3248 statuendo
378 3187 499 3246 audacia
519 3188 637 3247 tollitur.
682 3190 723 3247 sic
744 3189 831 3247 Horu.
854 3188 889 3246 Il.
912 3187 961 3247 XI
985 3194 1044 3251 830

341 3291 448 3366 ἐσθλά,
472 3291 511 3351 τά
532 3313 564 3353 σε
583 3292 674 3374 προτί
694 3295 787 3375 φασιν
810 3285 964 3371 Ἀχιλλῆος
985 3289 1167 3369 δεδιδάχθαι
1188 3355 1191 3360 ,

152 3402 157 3411 ’
201 3397 437 3483 coniungendam
459 3407 502 3457 est
523 3398 611 3479 προτὶ
629 3395 791 3477 Ἀχιλλῆος,
815 3417 990 3477 quamquam
1012 3399 1212 3476 interpositum
1233 3399 1276 3454 in·

205 3507 321 3563 venitur
334 3502 463 3562 verbum.
497 3504 617 3563 fortasse
631 3512 753 3563 metrum
776 3504 850 3563 hanc
871 3506 1066 3562 traiectionrm
1088 3506 1185 3576 suasit,
1208 3505 1277 3582 quia

204 3610 261 3669 alio
283 3608 368 3668 modo
390 3628 489 3669 versus
510 3617 587 3668 stare
608 3628 668 3670 non
689 3618 818 3689 poterat-3
845 3629 912 3668 nam
934 3612 958 3667 si
988 3613 1028 3668 ita
1049 3628 1163 3668 versum
1192 3618 1277 3688 poeta

205 3717 400 3776 constituisset
414 3712 520 3787 ἐσθλὰ,
536 3711 576 3773 τά
588 3736 620 3774 σε
631 3713 706 3796 πρὸς
713 3705 869 3792 Ἀχιλλῆός
878 3734 971 3796 φασιν
983 3713 1173 3793 δεδιδάχθαι,
1181 3734 1277 3794 neque

204 3806 357 3899 rhylhmus
385 3827 443 3876 tam
473 3818 620 3895 eleganter
641 3819 806 3879 decurreret
835 3830 864 3879 et
889 3840 1007 3879 caesura
1028 3824 1144 3880 omnino
1164 3820 1278 3881 abesset

202 3934 255 3984 aut
275 3927 411 3984 inusitata
434 3926 578 3983 existeret
623 3927 652 3982 in
675 3924 729 3985 Od.
754 3925 834 3984 XIII
862 3931 917 3989 130

376 4028 523 4107 Φαίηκες,
547 4028 649 4110 τοίπερ
669 4052 715 4089 τοι
737 4028 811 4108 ἐμῆς
832 4028 869 4102 ἕξ
891 4027 946 4090 εἶσι
967 4027 1111 4111 γενέθλης

204 4133 307 4193 eadem
329 4136 548 4213 praepositionis
567 4135 751 4213 perverbum
766 4135 928 4195 encliticum
942 4138 1081 4196 seiunctio
1096 4134 1279 4213 agnoscenda
