3034 4675
663 291 877 356 ..71-

231 463 281 525 IX
311 469 388 535 419,
423 470 436 523 1
470 481 513 541 sq.
565 460 723 520 notandum
755 468 853 519 tamen
881 468 925 517 est
957 457 1104 518 nonnullis
1132 459 1202 519 locis
1229 465 1307 517 certe

229 566 385 628 diiudicari
406 587 466 627 non
487 584 588 646 posse,
611 575 707 625 utrum
729 583 851 625 revera
872 565 1045 644 praepositio
1068 563 1127 623 dub
1149 570 1249 624 κοινοῦ
1269 565 1306 622 sit

234 676 328 753 posita
350 681 379 731 et
399 670 436 730 ad
453 673 579 752 priorem
594 689 711 750 quoque
726 689 824 730 casnm
837 672 961 730 nominis
977 668 1125 729 referenda
1147 671 1184 748 sit
1204 687 1305 729 neone.

231 787 266 838 ut
293 777 439 839 luculento
466 778 598 857 exemplo
623 787 702 849 utar,
731 774 817 835 valde
844 784 888 835 est
916 778 1072 851 incertum,
1095 773 1167 855 quid
1187 777 1226 835 sit
1249 783 1306 834 sta·

229 882 373 944 tuendum
394 886 426 943 in
446 885 651 965 epigrammate
672 880 828 942 Simonidis
848 881 928 942 anth.
949 881 1012 940 Pal.
1027 882 1108 941 XIII
1127 887 1162 944 ts
1181 901 1208 940 v.
1227 887 1243 941 7
1259 899 1304 959 sq.

388 1008 437 1069 καὶ
461 1005 566 1094 Νεμέᾳ
587 1006 652 1088 τρὶς
674 1006 815 1086 ἐνίκησεν,
839 1006 888 1065 καὶ
911 1003 1049 1088 τίτρακις
1069 996 1146 1066 data

438 1105 596 1198 Πελλάνᾳ,
612 1111 667 1172 ddo
688 1109 721 1173 δ’
745 1111 776 1172 ἓν
797 1111 941 1193 Λυκαίῳ,

387 1218 437 1279 καὶ
463 1214 558 1304 Τεγίρ
578 1217 628 1276 καὶ
651 1215 682 1276 ἐν
703 1216 817 1304 Αἷγίνρ
838 1218 969 1302 κρατερᾷ
988 1213 1017 1277 τ’
1039 1214 1211 1300 Ἐπιδαύρῳ

437 1322 487 1383 καὶ
513 1322 621 1408 Θήβας
642 1320 797 1405 Μεγάρων
816 1344 848 1382 τε
870 1318 966 1405 δάμῳ.

231 1467 302 1506 nam
324 1466 388 1507 cum
409 1458 511 1528 poetae
535 1447 642 1506 similes
663 1448 801 1506 orationis
822 1447 927 1506 formas
957 1448 1038 1505 iuxta
1064 1446 1216 1506 collocatas
1245 1467 1305 1506 non

229 1554 298 1611 sine
317 1560 380 1611 arte
401 1553 502 1612 leviter
530 1555 682 1612 immutare
703 1552 817 1611 soleant
845 1550 893 1633 (cf.
923 1551 1103 1612 Meinekium
1123 1550 1162 1611 ad
1191 1552 1303 1612 Gallim.

234 1657 263 1715 h.
296 1659 326 1716 in
347 1657 434 1716 Dian.
463 1662 518 1719 172
549 1680 577 1737 p.
603 1663 661 1719 207
687 1666 716 1716 et
736 1655 774 1715 ad
796 1657 945 1717 Bucolicos
965 1679 993 1738 p.
1018 1656 1104 1736 451),
1134 1657 1305 1718 sumendum

231 1761 357 1836 videtin,
380 1765 624 1844 praepositionem
644 1760 826 1822 referendam
848 1782 911 1822 esse
930 1761 969 1821 ad
983 1760 1012 1821 id
1023 1761 1116 1822 solum
1128 1783 1243 1836 nomen,
1260 1766 1306 1822 cui

229 1865 370 1927 adiuncta
395 1876 454 1942 est,
480 1877 568 1948 atque
595 1875 710 1947 poetam
735 1866 822 1927 nudis
851 1869 997 1927 nominum
1023 1866 1136 1927 ensibus
1165 1877 1194 1926 et
1222 1887 1305 1948 prae·

234 1974 376 2054 positione
396 1972 534 2053 praeditis
555 1975 713 2032 orationem
734 1973 847 2032 variare
866 1971 998 2032 voluisse.
1036 1972 1135 2033 similis
1157 1981 1200 2031 est
1220 1991 1306 2033 eausa

232 2078 265 2137 in
286 2078 412 2139 Archiae
431 2077 604 2157 Mytilenaei
626 2080 832 2158 epigrammate
852 2078 932 2136 anth.
954 2076 1017 2135 Pal.
1038 2077 1087 2136 IX
1109 2082 1158 2151 20,
1183 2082 1200 2138 3

278 2215 379 2298 ὅπρλν
394 2215 451 2298 ἐγὼ
466 2214 570 2300 Νεμίῃ
591 2213 783 2296 βεβοημένος,
807 2214 823 2275 ὅ
844 2215 915 2296 πρὶν
937 2212 967 2275 ἐν
988 2212 1107 2299 Ἰσθμῷ
1128 2218 1271 2296 natael).

319 2356 368 2418 Ab
384 2358 504 2418 Homeri
518 2356 692 2417 carminibus
713 2357 789 2416 hanc
809 2356 930 2435 figuram
947 2357 1072 2417 alienam
1093 2377 1155 2417 esse
1176 2358 1308 2420 homines

230 2463 313 2524 docti
334 2483 433 2523 omnes
454 2465 515 2523 fere
535 2465 733 2538 consentiunt3
756 2462 807 2521 illo
829 2463 906 2522 enim
927 2462 999 2536 loco,
1021 2464 1072 2542 qui
1094 2462 1145 2522 tali
1164 2472 1308 2524 structura

233 2569 374 2649 explicari
402 2571 508 2649 possit,
531 2567 586 2628 Od.
609 2568 641 2627 Π
669 2573 705 2630 27
731 2564 750 2647 ἢ
772 2567 844 2639 ἁλὸς
864 2564 884 2647 ἢ
907 2565 953 2627 ἐπὶ
974 2575 1028 2649 γῆς
1054 2568 1197 2649 ἀλγήσετε
1220 2577 1306 2649 πῆμα

235 2673 404 2751 παθόντες,
433 2672 504 2746 ἁλός
531 2694 585 2755 pro
613 2676 746 2751 genetivo
768 2673 824 2733 loci
845 2673 1012 2733 habendum
1033 2693 1096 2734 esse
1117 2673 1306 2749 contendunt,

231 2800 294 2859 qua
324 2781 442 2839 notione
477 2799 559 2839 casus
591 2782 742 2857 genetivus
774 2780 889 2859 saepius
921 2778 1039 2860 quidem
1069 2787 1239 2860 usurpatur,
1269 2782 1305 2839 cf.

234 2884 420 2961 Kruegerum
434 2888 464 2946 II
479 2892 528 2959 46,
550 2891 575 2958 1,
596 2892 621 2948 1.
660 2892 755 2944 tamen
779 2886 848 2964 quia
868 2884 1042 2965 praepositio
1062 2886 1194 2962 proxime
1214 2883 1305 2960 adest,

231 2989 272 3049 ab
296 3009 330 3047 ea
350 2991 513 3066 genetivum
536 2987 713 3070 suspendere
741 2997 877 3069 praestat.
913 2997 990 3048 certe
1010 2991 1182 3069 posteriores
1204 3000 1307 3070 poetae

234 3098 276 3154 ita
298 3104 451 3176 ceperunt,
482 3098 591 3176 quippo
611 3093 680 3154 inde
701 3094 780 3153 illam
800 3093 855 3156 sibi
878 3095 1089 3174 frequentatam
1110 3097 1306 3155 traiectionem

232 3199 389 3261 deduxisse
410 3199 555 3266 videntur,
598 3200 671 3259 alius
692 3218 810 3279 quoque
830 3198 910 3258 locus
931 3199 1102 3258 Homericus
1124 3201 1232 3279 optime
1252 3200 1308 3260 bac

232 3306 422 3366 collocatione
444 3305 604 3385 explicatur
624 3304 660 3367 Il.
682 3305 714 3362 X
738 3309 798 3365 572
822 3322 865 3383 sq.

321 3441 406 3502 αὐτοὶ
429 3438 463 3501 d'
487 3438 561 3523 ἱδρῶ
582 3441 691 3502 πολλὸν
711 3438 884 3514 ἀπενίζοντο
904 3437 1048 3523 θαλάσσῃ

322 3544 472 3625 ἐσβάντες,
497 3546 612 3626 κνήμας
633 3534 657 3606 τ>
683 3542 736 3625 ἠδὲ
757 3543 850 3627 λόφον
872 3543 954 3627 ἀμφί
972 3565 1005 3604 τε
1026 3543 1149 3625 μήρους.

322 3804 344 3871 ¹)
367 3807 470 3858 Putarit
500 3810 611 3856 fortasse
639 3807 768 3870 quispiam
793 3807 821 3855 in
856 3806 903 3855 tali
931 3814 1059 3854 structura
1091 3806 1219 3869 originem
1249 3820 1311 3856 esse

231 3897 413 3960 quaerendam
430 3895 631 3960 praepositionis
648 3910 708 3943 vere
727 3887 784 3945 ἀπὸ
801 3898 897 3947 κοινοῦ
915 3894 1028 3957 positae,
1054 3909 1112 3944 eum
1131 3909 1163 3944 ea
1180 3888 1308 3956 antiquis·

232 3982 308 4034 simis
332 3985 492 4048 temporibus
516 3979 632 4032 adverbii
655 3984 732 4032 modo
757 3983 830 4032 casui
854 3983 888 4032 sit
910 3983 1007 4032 addita.
1055 3985 1126 4045 quod
1150 3996 1307 4048 quamquam

236 4088 289 4123 non
307 4074 474 4138 negaverim,
496 4080 583 4122 tamen
606 4072 779 4134 posteriorum
801 4079 947 4133 temporum
969 4073 1053 4134 poetis
1075 4072 1141 4120 haec
1162 4071 1229 4120 ratio
1253 4085 1307 4120 non

232 4161 428 4222 obversabatur,
445 4163 491 4211 sed
510 4161 547 4210 illi
565 4161 695 4223 poeticum
712 4166 832 4209 ornatum
853 4161 900 4210 hac
918 4160 1089 4223 dispositione
1106 4160 1270 4223 appetebant.
