3034 4675
625 285 667 293 -
723 250 860 314 53..-

161 451 162 460 ¹
214 421 383 479 traiectione
404 418 501 497 aliquo
523 418 609 479 modo
631 422 791 500 comparari
812 429 941 503 possunt.
978 422 1019 480 sic
1040 413 1219 501 particulari
1241 422 1287 482 vel

216 526 250 599 ὤ,
274 545 349 605 quae
375 526 545 584 vocatives
573 528 718 584 communi
746 528 886 585 sermonis
908 526 1013 586 Graeci
1034 546 1089 585 usu
1115 526 1288 607 praecedere

215 632 297 705 solet,
319 651 338 689 1
359 632 450 710 poetis
465 647 674 707 nonnunquam
691 629 832 690 adiectivo
848 641 877 690 et
891 630 1069 691 substantivo
1084 634 1285 712 interponitur,

215 739 384 819 praesertim
404 734 468 795 ubi*
484 732 594 811 grande
615 733 729 795 dicendi
758 756 851 814 genus
872 737 1007 796 affectant
1027 745 1057 796 et
1076 740 1287 799 invocationem
1412 792 1419 803 .

215 864 303 922 quam
324 843 449 901 maxime
467 838 584 916 dignam
600 839 722 900 reddere
739 841 859 901 student
880 840 960 922 (vide
976 842 1149 904 Bernhardii
1168 846 1286 906 wissen-

154 1005 157 1010 4
215 948 328 1009 schaffl.
350 947 434 1025 Synt.
457 966 487 1023 p.
510 943 575 1025 71).
619 946 662 1004 ita
689 948 746 1005 iam
775 946 854 1027 apud
876 948 1035 1006 Homerum
1059 946 1134 1008 illud
1155 939 1180 1008 ὦ
1201 948 1287 1007 collo·

215 1064 311 1112 cetum
339 1049 430 1110 habes
459 1047 515 1109 Od.
545 1052 587 1111 IV
617 1055 656 1113 26
686 1042 886 1138 διοτρεφὲςῶ
912 1049 1060 1128 Μενέλαε,
1101 1052 1136 1111 Il.
1160 1057 1202 1116 lv
1228 1059 1285 1115 189

215 1158 302 1240 φίλος
324 1148 348 1217 ὦ
370 1156 518 1234 Μενέλαε,
540 1159 605 1219 aliis
624 1160 710 1233 locis3
732 1157 800 1216 vide
822 1158 1019 1216 Hermanuum
1040 1156 1128 1217 adh.
1152 1159 1237 1218 Hom.
1256 1160 1287 1217 in

215 1265 273 1343 Ap.
302 1272 346 1326 14.
390 1273 541 1344 praeterea
569 1266 610 1323 cf.
628 1265 730 1343 Eurip.
758 1262 862 1321 Bacch.
895 1269 954 1324 565
986 1261 1091 1344 μάκαρ
1120 1254 1144 1322 ὦ
1172 1263 1286 1345 Πιερία

213 1378 245 1427 et
265 1388 389 1441 carmen,
413 1368 491 1449 quod
514 1378 543 1428 et
564 1371 659 1450 ipsum
680 1366 830 1448 Euripidis
851 1387 914 1427 esse
932 1366 1046 1427 videtur
1068 1367 1187 1448 (Bergk.
1208 1379 1285 1448 poet.

215 1474 271 1553 lyr.
288 1474 349 1537 ΙΙΙ4
370 1496 398 1555 p.
415 1475 490 1556 744)
513 1471 609 1535 πότνι’
631 1465 656 1533 ὦ
677 1471 778 1554 σοφία.
808 1491 826 1530 1
848 1493 933 1551 prosa
956 1476 1085 1533 oratione
1106 1473 1181 1532 hane
1201 1474 1287 1533 collo·

215 1582 357 1638 rationem
384 1580 510 1639 alienam
540 1599 602 1639 esse
630 1577 779 1639 contendit
807 1578 984 1638 Kuehnerus
1012 1579 1152 1638 ausfflhrl.
1181 1580 1234 1641 Gr.
1257 1583 1286 1642 ΙΙ

215 1705 244 1764 p.
259 1692 307 1746 44.
333 1688 446 1744 inverso
462 1683 568 1748 deiude
583 1684 685 1743 ordine
705 1683 917 1743 substantivum
939 1682 1093 1763 praeeedit,
1115 1683 1287 1743 adiectivum

214 1792 354 1868 sequitur,
376 1798 410 1850 ut
430 1791 555 1870 exempli
577 1791 671 1867 gratia
693 1789 779 1849 Hom.
796 1787 853 1849 Od.
868 1794 926 1851 XX
954 1795 1010 1850 199
1029 1796 1127 1871 χαῖρε,
1147 1788 1242 1870 πάτερ
1261 1780 1286 1849 ὦ

214 1896 400 1976 ’1111811111
417 1897 464 1955 Ai.
480 1902 538 1958 396
562 1891 663 1977 ἔρεβος
677 1886 702 1954 ὦ
716 1892 937 1976 φαεννότατονς
954 1894 990 1954 cf.
1005 1894 1090 1954 Pind.
1109 1894 1155 1956 Ol.
1171 1900 1245 1958 VIII
1260 1903 1284 1968 1,

215 2002 353 2080 Tymnen
373 2003 454 2061 anth.
477 1993 613 2064 Pal.VIl
641 2008 708 2074 199,
740 2000 927 2076 crinagoram
950 2007 1022 2072 401,
1047 2008 1074 2073 7,
1098 1999 1286 2081 Antipatrum

216 2112 257 2170 Vl
278 2113 345 2180 109,
364 2114 393 2171 9.
426 2106 571 2174 notabilis,
592 2103 644 2166 sed
666 2126 724 2164 nou
747 2104 861 2164 diversa
883 2114 927 2163 est
947 2107 1076 2164 traiectio
1099 2107 1130 2165 in
1144 2106 1287 2165 Stratonis

215 2202 423 2292 epigrammate
435 2212 515 2271 anth.
532 2211 594 2269 Pal.
612 2214 672 2273 XII
689 2214 762 2283 208,
785 2209 863 2289 quod
879 2209 1037 2288 Diltheyus
1053 2212 1083 2269 in
1097 2210 1173 2271 Mus.
1189 2211 1284 2271 Rhen.

215 2322 331 2384 XXVII
353 2340 382 2397 p.
407 2323 467 2380 310
490 2319 531 2377 111
551 2314 716 2376 emendavit

336 2419 456 2500 εὐτυχὲς
475 2413 509 2498 ὦ,
532 2419 665 2503 φθονέω,
686 2421 845 2499 βιβλίδιον,
868 2414 888 2499 ἦ
911 2414 949 2502 ῥά
971 2416 1000 2481 o'
1021 2421 1165 2502 ἀναγνοὺς

381 2532 452 2597 παῖς
472 2549 517 2598 τις
539 2525 710 2604 ἀναθλίβει,
732 2526 807 2607 πρὸς
828 2526 866 2586 τὰ
886 2524 982 2607 γένεια
1004 2526 1112 2598 τιθείς.

216 2635 303 2691 etiam
331 2633 501 2692 Latinorum
531 2632 633 2692 vocula
663 2632 697 2692 ‘o’
720 2652 807 2712 saepe
828 2635 903 2692 inter
930 2632 1139 2692 substantivum
1165 2634 1287 2712 eiusque

214 2737 385 2798 attributum
419 2735 517 2797 sedem
551 2736 648 2810 habet,
686 2738 776 2796 veluti
807 2737 860 2798 Ov.
896 2747 951 2796 art.
987 2742 1033 2800 III
1065 2743 1102 2799 87
1139 2758 1235 2821 pertua
1269 2759 1286 2798 o

216 2844 354 2907 mortale.
398 2861 515 2923 prorsus
544 2861 613 2903 vero
644 2842 798 2920 singularis
827 2843 913 2903 huius
946 2852 1049 2922 poetae
1082 2841 1203 2902 audacia
1233 2851 1285 2914 est,

213 2948 293 3030 quod
314 2957 368 3009 art
392 2954 407 3012 I
430 2955 489 3011 617

355 3076 413 3138 quo
436 3053 534 3135 inopia
557 3075 574 3115 ο
596 3053 699 3130 faciles
721 3053 910 3116 1111111111
933 3066 992 3116 este
1011 3052 1132 3136 puellae
1177 3061 1179 3065 ’

214 3159 384 3239 particulam
413 3178 431 3217 a
458 3160 588 3217 vocativo
616 3159 746 3237 longiore
771 3159 922 3219 intervallo
942 3168 971 3217 et
993 3168 1052 3217 toto
1074 3158 1221 3216 enuntiato
1243 3176 1285 3217 se·

215 3242 342 3343 paravit3
364 3263 399 3321 el.
423 3265 509 3322 etiam
531 3264 595 3322 fast.
619 3268 661 3326 VI
685 3269 744 3327 652

367 3390 446 3430 nunc
467 3369 540 3432 adca
564 3391 581 3431 ο
605 3369 718 3450 coeptis
731 3367 822 3452 flava
845 3367 990 3433 Minerva
1011 3368 1094 3431 meis.

300 3473 440 3552 Reliquae
461 3472 566 3533 deinde
587 3473 745 3551 particulae
765 3493 831 3532 cum
844 3492 862 3529 a
877 3474 1018 3552 principio
1033 3474 1174 3533 enuntiati
1188 3470 1285 3533 sedem
1328 3542 1329 3545 Ἴ

216 3577 325 3637 habere
360 3576 500 3651 debeant,
546 3596 633 3657 saepe
667 3575 781 3637 mediae
816 3579 938 3636 orationi
973 3580 1211 3657 interponuntur3
1248 3577 1284 3636 cf.

214 3682 422 3744 Schneiderum
435 3683 546 3742 Gallim.
564 3686 621 3762 Ip.
640 3687 710 3744 354.
746 3681 819 3741 illud
841 3702 931 3741 unum
953 3702 1070 3742 monere
1090 3685 1158 3742 eatis
1180 3681 1283 3755 habeo,

212 3788 364 3848 formulam
379 3784 403 3847 εἰ
424 3787 443 3847 d
450 3784 459 3807 ³
475 3777 535 3869 lips,
554 3789 675 3868 quaein
690 3784 819 3847 adverbii
834 3790 893 3845 vim
907 3787 995 3867 plane
1009 3789 1088 3863 abiit,
1104 3788 1142 3847 ab
1157 3789 1284 3847 Homero

212 3913 326 3974 semper
348 3894 429 3953 initio
452 3896 594 3954 enuntiati
614 3894 745 3974 positam,
768 3912 787 3950 1
804 3893 1008 3971 posterioribus
1024 3911 1234 3972 nonnunquam
1254 3893 1285 3951 in

214 3996 308 4058 medio
330 4001 478 4058 enuntiate
500 3998 668 4058 collocatam
690 4017 760 4058 esse.
794 4007 826 4056 ut
842 3995 955 4057 duobus
977 3998 1116 4078 exemplis
1136 4018 1198 4057 rem
1219 4016 1285 4056 eon·

212 4104 314 4177 ficiam,
338 4105 378 4163 ita
400 4102 475 4163 dixit
496 4102 689 4163 Callimachus
711 4104 741 4161 h.
763 4103 810 4161 111
834 4106 871 4164 81
