3034 4675
590 352 922 417 ·-92--'

500 519 588 599 βάσει
609 520 701 599 βάσιν
723 520 863 604 δι’ρμσσαι,

499 713 607 793 γεραὸν
628 711 658 784 ἐς
675 711 751 796 χέρα
773 721 863 791 σῶμα
883 713 936 774 σδν

501 818 660 900 προκλίνυς
681 817 783 901 φιλίαν
804 817 889 897 ἐμάν,
933 803 936 810 ¹

210 924 259 982 ubi
281 918 310 991 ἒς
328 919 404 1003 χέρα
425 928 501 988 inter
526 929 668 989 vocabule
688 936 753 989 erte
774 930 957 989 cohaerentia
984 923 1091 1006 γεραὸν
1112 930 1201 1008 σῶμα
1222 922 1277 984 σόν

208 1027 400 1104 interposuit,
422 1039 456 1092 ut
477 1036 638 1107 oppositio,
662 1051 734 1107 quae
757 1035 854 1094 verbis
876 1027 929 1090 σόν
951 1040 981 1093 et
1002 1026 1078 1107 ἐμάν
1099 1034 1275 1110 continetur,

209 1130 299 1210 magis
315 1136 446 1211 eniteret,
467 1154 531 1197 cum
548 1139 638 1199 verba
656 1139 713 1199 sibi
729 1141 877 1199 contraria
890 1137 976 1198 finem
991 1140 1119 1200 colorum
1135 1138 1275 1199 facerent,

209 1241 356 1300 remissior
386 1259 498 1315 quoque
527 1243 706 1318 dialogorum
733 1261 822 1306 sonus
852 1262 870 1304 a
896 1244 984 1304 simili
1005 1244 1160 1304 verborum
1182 1246 1279 1305 coilo*

208 1345 323 1405 catione
342 1363 400 1405 non
421 1346 568 1407 abhorret.
592 1348 631 1407 ci.
646 1350 807 1424 Phryniehi
829 1349 886 1424 frg.
904 1351 933 1424 5,
954 1368 980 1410 v.
998 1352 1018 1408 4
1039 1368 1067 1425 p.
1085 1352 1146 1411 558
1160 1351 1275 1411 Nauck.

403 1446 494 1507 ὠκεῖα
518 1447 644 1531 μάργοις
666 1450 740 1532 φλὸξ
762 1448 898 1511 ἐδαίνυεο
918 1447 1053 1530 γνάθοις,

209 1558 298 1632 Sopb.
319 1557 354 1618 Ο.
380 1560 416 1621 R.
440 1560 490 1630 52,
513 1553 621 1618 Aesch.
645 1559 751 1634 Ceeph.
775 1562 815 1620 82
838 1577 881 1633 sq.

360 1658 471 1742 ποτέρα
492 1658 617 1740 λέγουσα
638 1660 720 1741 παρὰ
743 1659 830 1741 φιλης
852 1660 930 1743 φίλῳ
952 1658 1053 1743 φέρειν

361 1765 499 1845 γυναικὸς
520 1763 616 1845 ἀνδρὶ,
638 1773 692 1843 τῆς
714 1764 787 1843 ἐμῆς
806 1766 921 1848 μητρὸς
942 1764 1044 1847 πάρος

208 1875 256 1933 bic
282 1875 359 1934 enim
388 1875 513 1934 studium
541 1875 615 1934 illud
643 1876 812 1949 saepissime
841 1876 899 1934 iam
928 1875 1114 1935 observatum
1143 1874 1277 1934 similiter

209 1986 400 2040 consonantes
429 1979 563 2039 vocabuli
593 1977 700 2060 formas
729 1986 759 2040 et
785 1980 917 2040 notiones
945 1979 1004 2039 sibi
1032 1979 1180 2054 oppositas
1208 1996 1276 2038 con·

208 2085 339 2146 sociandi
367 2085 566 2144 traiectionem
599 2083 704 2144 effecit,
748 2086 904 2159 praecipue
927 2085 1083 2159 Sophocles
1108 2084 1163 2143 boc
1185 2082 1276 2143 artifi-

202 2193 284 2278 cium
314 2191 345 2249 in
375 2207 457 2249 suum
489 2207 572 2250 usum
601 2190 761 2267 convertit;
799 2183 893 2268 ci'O.
915 2192 951 2253 R.
975 2190 1037 2250 284
1058 2206 1102 2263 sq.
1125 2193 1159 2248 'et
1187 2190 1221 2250 Ο.
1245 2190 1276 2249 G.

210 2300 270 2358 282
295 2313 338 2369 sq.
359 2312 375 2355 e
397 2296 589 2371 posteriorum
612 2302 773 2370 temporum
794 2296 887 2369 poetis
910 2296 942 2354 in
964 2296 1065 2370 primis
1086 2295 1278 2356 nominandus

201 2409 253 2487 ,tsi
274 2403 446 2478 Lycophro,
481 2402 530 2474 qui
551 2402 606 2460 hac
628 2401 820 2476 dispositione
841 2401 982 2461 curiosius
1004 2401 1097 2478 cavit,
1125 2418 1163 2461 ne
1182 2402 1277 2462 oratio

209 2509 337 2573 naturali
359 2507 433 2566 serie
456 2508 641 2577 decurreret,
664 2507 706 2567 sic
728 2508 758 2565 in
782 2525 828 2568 vv.
854 2509 915 2566 333
938 2498 981 2581 sq‘.
1053 2562 1058 2572 .

360 2603 393 2668 σε’
414 2598 444 2666 δ’
471 2606 550 2688 ἀμφὶ
571 2606 672 2686 κοΐλην
693 2606 884 2687 αἰχμάλωτον
904 2597 980 2694 ᾐόνα

361 2710 495 2794 πρέσβυν
515 2710 674 2793 Aeropum
694 2710 896 2791 δημόλευστον
917 2710 1011 2796 ὠλένη

209 2827 305 2886 omnia
324 2822 415 2885 verba
436 2828 496 2885 tem
517 2838 591 2882 nexa
612 2828 698 2895 atque
719 2822 797 2881 inter
819 2839 851 2882 se
871 2824 970 2899 iugata
985 2823 1099 2898 posuit,
1130 2827 1163 2880 ut
1182 2821 1277 2895 prime

210 2931 285 2992 facie
307 2945 408 2991 versus
427 2927 551 3001 quadarn
571 2927 748 2987 obscuritate
767 2926 878 3002 perfusi
905 2945 969 2988 esse
990 2929 1154 2987 videantur.
1199 2924 1275 2985 diffi-

210 3039 331 3112 cultate,
365 3035 415 3094 sed
446 3050 504 3093 non
528 3033 597 3095 item
627 3035 770 3109 elegantia
796 3040 876 3093 caret
901 3034 976 3093 illud
1003 3033 1088 3094 Pauli
1117 3031 1278 3092 Silentiarii

209 3144 289 3221 anth.
306 3144 369 3204 Pal.
393 3141 419 3199 V
443 3138 515 3215 251,
541 3138 556 3197 1
582 3156 624 3210 sq.

780 3239 878 3319 γυμνὰ
899 3238 934 3300 δέ
953 3245 1074 3320 γυμνοῖς
1156 3311 1159 3317 ¹

418 3343 575 3425 ε’μσελάσει
595 3342 688 3425 γυίοις
709 3350 780 3423 γυῖα
800 3344 1028 3426 περιπλοκάδην,
1278 3332 1283 3339 ’

210 3477 261 3537 ubi
282 3491 370 3536 causa
392 3475 627 3549 transpositionis
648 3475 678 3532 in
700 3475 855 3548 propatulo
876 3447 929 3536 est.
963 3491 1055 3548 neque
1073 3475 1168 3534 solute
1182 3474 1277 3533 oratio

116 3588 118 3595 ’
209 3584 283 3641 hanc
305 3578 491 3640 artificiosam
512 3579 758 3640 substantivorum
781 3585 811 3639 et
831 3580 1037 3640 attributorum
1058 3579 1276 3639 collocationem

209 3686 391 3761 contempsit.
432 3687 474 3746 sic
494 3685 589 3761 Plato,
612 3684 738 3746 Phaedo.
762 3703 791 3760 p·
815 3685 884 3746 aad
920 3681 996 3741 ἀλλὰ
1018 3677 1274 3763 προοιμολδγηεαι,

210 3784 277 3869 ἔφη,
305 3783 400 3866 μηδὲν
419 3787 534 3863 μᾶλλον
561 3781 634 3864 μηδ’
663 3777 754 3864 ἧττον
782 3780 886 3868 ἑτέρον
914 3781 1017 3868 ἑτέρας
1046 3784 1150 3864 ψυχὴν
1174 3791 1280 3862 ψυχῆς.

211 3886 301 3969 εἶναι,
330 3897 458 3956 eiusdem
480 3896 580 3970 stirpis
606 3895 750 3955 vocabula
770 3912 823 3970 per
843 3896 1107 3956 adnominationem
1128 3894 1282 3968 copulavit

209 3999 261 4081 (ci.
284 4003 374 4077 Hipp.
396 4003 411 4060 I
432 4019 461 4076 p.
486 3996 596 4076 need.)
627 4006 714 4072 atque
740 4001 829 4060 simili
851 4002 1005 4061 verborum
1032 4002 1166 4060 iunctura
1187 3999 1277 4059 Polit
1353 4048 1356 4057 ,

210 4109 298 4170 288e
326 4100 475 4184 παρέσχον
489 4102 679 4184 δημιουργεῖν
697 4100 834 4163 σύνθετο
848 4100 880 4161 ἐκ
902 4102 945 4182 μὴ
967 4098 1190 4178 συντιθεμένων
1212 4097 1277 4178 εἴδη

210 4205 312 4290 γενῶν,
338 4213 497 4273 orationem
519 4214 660 4273 acriorem
683 4216 713 4271 et
734 4209 926 4271 efficaciorem
945 4211 1084 4271 reddidit·
