3034 4675
226 374 286 413 non
307 358 444 434 suppetit,
463 374 580 433 prorsus
602 354 766 414 damnanda
788 366 830 415 est
851 366 954 436 poetae
974 357 1098 416 licentia.
1144 357 1195 417 sed
1216 357 1295 437 quod

226 462 394 537 scripturam
417 480 514 519 versus
535 463 620 540 primi
646 463 867 533 attinetfcuius
893 465 935 521 rei
958 482 1044 523 causa
1065 465 1245 542 potissimum
1266 466 1296 522 in

225 564 281 624 lroc
303 569 507 652 epigrammate
528 586 744 639 commoramur,
768 566 909 647 Dilthcyo
930 568 1043 628 videtur
1065 569 1124 628 leni
1146 588 1234 627 manu
1254 569 1295 628 ita

225 674 320 731 versui
331 691 404 742 ,esse
425 671 625 751 opitulandum

267 810 374 888 τύμβε,
392 810 442 882 ,τίς
463 803 501 889 ἦν
522 808 628 886 πόθεν,
651 800 701 888 ἠδ’
728 807 772 870 ἔτι
793 818 863 882 παῖς
885 812 973 889 τίνος,
997 811 1066 895 ἔργα
1087 812 1137 873 καὶ
1152 812 1249 891 ὄλβον.

221 952 264 1010 010
285 949 332 1022 τίς
353 948 451 1010 πόθεν
479 953 592 1030 saepius
621 952 813 1009 consociatum
835 953 981 1011 invenitur
1006 952 1084 1033 apud
1107 954 1294 1032 epigramma-

222 1058 320 1129 tarios,
340 1058 389 1135 qui
406 1057 525 1115 Homeri
547 1075 630 1115 usum
652 1065 720 1114 sunt
741 1058 831 1114 secuti
854 1055 902 1137 (cf.
923 1059 1009 1118 Hom.
1025 1058 1080 1119 Od.
1096 1059 1205 1118 XXIV
1221 1065 1292 1132 298,

222 1159 281 1219 XV
305 1162 415 1233 noti
439 1168 506 1235 170,
530 1161 565 1220 Π.
582 1160 663 1220 XXI
689 1168 757 1223 150.
787 1171 937 1240 praeterea
959 1166 1068 1244 inspice
1088 1167 1294 1244 epigrammata
1322 1183 1323 1186 ’

223 1286 268 1345 ap.
292 1264 409 1348 Kaibel.
433 1288 476 1325 nr.
503 1271 573 1340 101,
601 1269 635 1342 1’;
660 1272 729 1340 530,
759 1265 798 1347 1).

226 1383 230 1384 ’
307 1388 364 1450 Sed
390 1408 576 1468 properamus
605 1388 644 1447 ad
673 1388 783 1449 litteras
813 1390 949 1463 Latinas,
980 1392 1011 1448 in
1038 1391 1143 1470 quibus
1173 1393 1292 1471 stipsis

218 1496 293 1555 tales
302 1495 457 1555 verborum
473 1497 663 1568 traiectiones,
677 1515 853 1574 quamquam
867 1496 953 1575 paulo
969 1499 1070 1571 rarius,
1083 1518 1145 1557 sese
1159 1498 1291 1557 offerunt.

218 1611 309 1681 atque
329 1621 434 1678 magno
456 1601 527 1659 mihi
550 1609 593 1659 est
613 1597 789 1673 adiumento,
813 1601 892 1680 quod
912 1602 1060 1682 complura
1079 1622 1194 1681 eorum,
1217 1621 1293 1680 quae

115 1712 119 1718 '
219 1709 276 1767 huc
304 1707 399 1765 afferri
434 1714 555 1785 possunt
584 1704 732 1784 exempla,
765 1706 916 1766 Vahlenus
951 1716 1029 1766 recte
1060 1707 1291 1787 interpungendo

217 1814 358 1892 explicuit
388 1814 609 1890 criticorumque
639 1810 678 1870 ab
718 1814 829 1871 iniuriis
867 1812 995 1872 defendit
1030 1817 1061 1872 in
1096 1810 1190 1871 indice
1224 1812 1290 1872 lect.

218 1921 391 1977 aestivarum
422 1917 517 1976 Berol.
550 1921 629 1979 1880
658 1938 688 1996 p.
717 1923 753 1980 12
784 1937 847 1996 sqq.
895 1917 976 1978 idem
1001 1902 1161 1978 structurae
1189 1938 1289 1995 genus,

215 2024 297 2103 quod
319 2026 350 2081 in
370 2024 479 2105 primis
492 2020 625 2098 Euripidi
646 2021 789 2081 familiare
807 2023 896 2082 firisse
916 2023 1058 2097 vidimus,
1088 2032 1121 2083 ut
1150 2026 1181 2081 in
1201 2024 1301 2092 inter-¹

217 2127 415 2205 rogationibus
443 2126 586 2207 bipartitis
613 2127 736 2185 alterum
765 2128 924 2188 membrum
951 2131 1041 2209 priori
1074 2130 1290 2205 interrogationi

219 2232 331 2292 mediae
344 2235 552 2313 interponatur,
568 2253 633 2291 curn
647 2252 685 2292 ex
705 2237 865 2293 sententiae
885 2237 998 2294 ratione
1018 2236 1153 2315 postponi
1176 2233 1288 2306 debeat,

218 2341 275 2399 iam
290 2338 367 2419 apud
383 2341 491 2418 priscos
510 2347 608 2418 poetas
630 2342 757 2399 scenicos
771 2343 902 2400 occurrit.
933 2343 964 2400 in
979 2341 1076 2400 Plauti
1091 2341 1288 2401 Menaechmis

216 2445 251 2505 Π
274 2452 301 2517 2,
326 2453 365 2507 44
472 2452 477 2462 “

722 2532 803 2594 satin
825 2531 880 2594 100
901 2534 983 2617 qaod
1001 2532 1083 2594 videa

301 2637 399 2700 tribue
420 2635 505 2698 vobis
528 2620 738 2718 opeoootrrmat
758 2671 801 2682 —
823 2657 863 2699 00
886 2658 1002 2723 opsono
1023 2636 1182 2722 amplius?

300 2744 357 2806 tibi
378 2755 404 2805 et
420 2740 565 2825 pararito
589 2753 616 2802 et
637 2739 784 2804 mulieri?

214 2869 287 2928 haec
313 2869 449 2927 orationis
477 2866 569 2925 forma
596 2865 793 2941 distinctione,
827 2876 860 2927 ut
888 2876 1016 2947 oportet,
1047 2865 1177 2925 adhibita
1209 2865 1286 2926 clare
1382 2872 1386 2885 “

209 2983 350 3054 apparct3
371 2993 439 3045 nam
453 2971 542 3031 verba
565 2978 613 3030 ‘an
634 2992 743 3051 opsono
765 2973 896 3053 amplins'
919 2972 958 3032 ab
980 2974 1128 3030 enuntiato
1150 2972 1286 3046 primario

217 3082 301 3139 ‘satin
322 3079 378 3137 hoc
400 3077 492 3136 tribus
506 3078 588 3137 vobis
610 3087 816 3157 opsonatumst,
839 3079 892 3138 tibi
914 3087 943 3137 et
964 3080 1088 3158 parasito
1112 3085 1140 3134 et
1161 3076 1283 3134 mulieri'

215 3184 301 3260 plane
327 3191 394 3241 sunt
421 3181 602 3259 'seiungenda
618 3192 719 3261 ‚atque
746 3185 778 3242 in
806 3195 941 3243 consueto
964 3181 1078 3241 dicendi
1102 3200 1209 3260 genere
1230 3182 1284 3241 sub

214 3290 300 3347 finem
329 3286 472 3368 ponenda.
517 3287 568 3346 sed
596 3297 695 3367 poeta,
725 3292 863 3348 sermonis
884 3288 1032 3347 familiaris
1053 3296 1185 3347 naturam
1207 3286 1285 3346 haud

212 3393 302 3454 dubie
323 3403 445 3465 secutus,
468 3391 590 3451 alterum
612 3392 772 3453 membrum
790 3393 939 3454 commodo
961 3393 1024 3453 loco
1046 3395 1196 3464 interiecit,
1220 3412 1284 3452 cum

212 3501 255 3558 sic
270 3509 298 3557 et
311 3499 427 3577 linguae
440 3496 605 3557 volubilitas
619 3501 704 3578 coqui
722 3500 799 3559 illius
813 3509 882 3580 apte
897 3498 1069 3578 depingatur
1084 3507 1113 3556 01
1132 3500 1283 3577 oppositio,

208 3623 289 3683 quae
316 3604 412 3663 verbis
441 3606 518 3663 ‘satis
547 3614 745 3683 opsonatumst
766 3626 804 3663 an
826 3624 935 3684 opsono
957 3603 1088 3683 amplius'
1112 3606 1283 3675 continetur,

212 3709 316 3768 clarius
338 3710 486 3769 efferatur.
535 3718 726 3787 congruenter
754 3711 827 3769 alter
856 3709 952 3768 Plauti
980 3709 1060 3768 locus
1092 3709 1283 3768 conformatus

208 3823 255 3874 est
276 3815 359 3875 Trin.
382 3817 399 3874 Ι
422 3822 450 3889 2,
476 3822 513 3879 87
531 3835 574 3894 sq.

317 3937 436 4001 amieria
458 3940 495 4001 de
516 3937 703 4001 adulescente
724 3938 780 4001 100
802 3940 950 4001 000100-
973 3938 1048 4016 quid
1068 3931 1174 3998 taces?

316 4044 371 4106 ubi
391 4055 552 4107 nunciate
574 4041 717 4104 latitas?
