<?xml version="1.0" encoding="UTF-8"?>
<!DOCTYPE html PUBLIC "-//W3C//DTD XHTML 1.0 Transitional//EN"
    "http://www.w3.org/TR/xhtml1/DTD/xhtml1-transitional.dtd">
<html xmlns="http://www.w3.org/1999/xhtml" xml:lang="en" lang="en">
 <head>
  <title>
</title>
<meta http-equiv="Content-Type" content="text/html;charset=utf-8" />
  <meta name='ocr-system' content='tesseract 3.04.00' />
  <meta name='ocr-capabilities' content='ocr_page ocr_carea ocr_par ocr_line ocrx_word'/>
</head>
<body>
  <div class='ocr_page' id='page_1' title='image "./deliberioreling00boldgoog_0172.png"; bbox 0 0 3034 4675; ppageno 0'>
   <div class='ocr_carea' id='block_1_1' title="bbox 647 273 883 360">
    <p class='ocr_par' dir='ltr' id='par_1_1' title="bbox 647 273 883 360">
     <span class='ocr_line' id='line_1_1' title="bbox 647 273 883 360; baseline 0 -23"><span class='ocrx_word' id='word_1_1' title='bbox 647 273 883 360; x_wconf 61' lang='lat' dir='ltr'><strong>-1ce7-</strong></span> 
     </span>
    </p>
   </div>
   <div class='ocr_carea' id='block_1_2' title="bbox 227 441 1302 1470">
    <p class='ocr_par' dir='ltr' id='par_1_2' title="bbox 227 441 1302 731">
     <span class='ocr_line' id='line_1_2' title="bbox 228 441 1301 523; baseline 0.007 -25"><span class='ocrx_word' id='word_1_2' title='bbox 228 442 259 498; x_wconf 90' lang='lat' dir='ltr'><strong>in</strong></span> <span class='ocrx_word' id='word_1_3' title='bbox 281 441 444 502; x_wconf 77' lang='lat' dir='ltr'><strong>Trachiniis</strong></span> <span class='ocrx_word' id='word_1_4' title='bbox 473 445 549 501; x_wconf 91' lang='lat' dir='ltr'><strong>enim</strong></span> <span class='ocrx_word' id='word_1_5' title='bbox 577 452 730 523; x_wconf 81' lang='lat' dir='ltr'><strong>postquam</strong></span> <span class='ocrx_word' id='word_1_6' title='bbox 758 445 897 503; x_wconf 76' lang='lat' dir='ltr'><strong>Deianira</strong></span> <span class='ocrx_word' id='word_1_7' title='bbox 920 444 1040 505; x_wconf 85' lang='lat' dir='ltr'><strong>Licham</strong></span> <span class='ocrx_word' id='word_1_8' title='bbox 1065 445 1239 519; x_wconf 79' lang='lat' dir='ltr'><strong>obsecravit,</strong></span> <span class='ocrx_word' id='word_1_9' title='bbox 1269 456 1301 506; x_wconf 90' lang='lat' dir='ltr'><strong>ut</strong></span> 
     </span>
     <span class='ocr_line' id='line_1_3' title="bbox 227 545 1302 631; baseline 0.007 -28"><span class='ocrx_word' id='word_1_10' title='bbox 227 566 296 606; x_wconf 88' lang='lat' dir='ltr'><strong>vera</strong></span> <span class='ocrx_word' id='word_1_11' title='bbox 313 545 368 606; x_wconf 85' lang='lat' dir='ltr'><strong>sibi</strong></span> <span class='ocrx_word' id='word_1_12' title='bbox 384 545 421 606; x_wconf 92' lang='lat' dir='ltr'><strong>de</strong></span> <span class='ocrx_word' id='word_1_13' title='bbox 437 547 563 607; x_wconf 86' lang='lat' dir='ltr'><strong>Hercule</strong></span> <span class='ocrx_word' id='word_1_14' title='bbox 584 557 613 607; x_wconf 88' lang='lat' dir='ltr'><strong>et</strong></span> <span class='ocrx_word' id='word_1_15' title='bbox 631 548 694 609; x_wconf 91' lang='lat' dir='ltr'><strong>Iole</strong></span> <span class='ocrx_word' id='word_1_16' title='bbox 715 548 834 622; x_wconf 71' lang='lat' dir='ltr'><strong>diceret,</strong></span> <span class='ocrx_word' id='word_1_17' title='bbox 854 550 958 609; x_wconf 79' lang='lat' dir='ltr'><strong>chorus</strong></span> <span class='ocrx_word' id='word_1_18' title='bbox 979 570 1079 631; x_wconf 78' lang='lat' dir='ltr'><strong>preces</strong></span> <span class='ocrx_word' id='word_1_19' title='bbox 1101 552 1163 611; x_wconf 82' lang='lat' dir='ltr'><strong>eiua</strong></span> <span class='ocrx_word' id='word_1_20' title='bbox 1184 549 1302 611; x_wconf 82' lang='lat' dir='ltr'><strong>adiuvat</strong></span> 
     </span>
     <span class='ocr_line' id='line_1_4' title="bbox 228 652 583 731; baseline 0.003 -22"><span class='ocrx_word' id='word_1_21' title='bbox 228 652 273 710; x_wconf 83' lang='lat' dir='ltr'><strong>his</strong></span> <span class='ocrx_word' id='word_1_22' title='bbox 295 652 390 712; x_wconf 80' lang='lat' dir='ltr'><strong>verbis</strong></span> <span class='ocrx_word' id='word_1_23' title='bbox 411 674 438 712; x_wconf 89' lang='lat' dir='ltr'><strong>v.</strong></span> <span class='ocrx_word' id='word_1_24' title='bbox 463 659 524 714; x_wconf 81' lang='lat'><strong>470</strong></span> <span class='ocrx_word' id='word_1_25' title='bbox 540 672 583 731; x_wconf 86' lang='lat' dir='ltr'><strong>eq.</strong></span> 
     </span>
    </p>

    <p class='ocr_par' dir='ltr' id='par_1_3' title="bbox 394 754 1127 840">
     <span class='ocr_line' id='line_1_5' title="bbox 394 754 1127 840; baseline 0.003 -26"><span class='ocrx_word' id='word_1_26' title='bbox 394 758 491 815; x_wconf 79' lang='grc' dir='ltr'><em>πιθοῦ</em></span> <span class='ocrx_word' id='word_1_27' title='bbox 512 754 637 837; x_wconf 78' lang='grc' dir='ltr'><em>λεγούσῃ</em></span> <span class='ocrx_word' id='word_1_28' title='bbox 654 755 785 837; x_wconf 82' lang='grc' dir='ltr'><em>χρηστοί,</em></span> <span class='ocrx_word' id='word_1_29' title='bbox 808 758 862 817; x_wconf 99' lang='grc' dir='ltr'>κού</span> <span class='ocrx_word' id='word_1_30' title='bbox 882 755 999 835; x_wconf 86' lang='grc' dir='ltr'>μέμψει</span> <span class='ocrx_word' id='word_1_31' title='bbox 1019 754 1127 840; x_wconf 80' lang='grc' dir='ltr'><em>χρόνῳ,</em></span> 
     </span>
    </p>

    <p class='ocr_par' dir='ltr' id='par_1_4' title="bbox 227 858 1302 1470">
     <span class='ocr_line' id='line_1_6' title="bbox 394 858 1052 945; baseline 0 -25"><span class='ocrx_word' id='word_1_32' title='bbox 394 860 510 942; x_wconf 78' lang='grc' dir='ltr'><em>γυναικὶ</em></span> <span class='ocrx_word' id='word_1_33' title='bbox 533 860 614 943; x_wconf 80' lang='grc' dir='ltr'><em>τῇδε,</em></span> <span class='ocrx_word' id='word_1_34' title='bbox 637 858 716 920; x_wconf 69' lang='grc' dir='ltr'><strong>κάπ’</strong></span> <span class='ocrx_word' id='word_1_35' title='bbox 737 861 811 939; x_wconf 71' lang='grc' dir='ltr'><em>ἐμοῦ</em></span> <span class='ocrx_word' id='word_1_36' title='bbox 831 861 933 940; x_wconf 81' lang='grc' dir='ltr'><em>κτήσει</em></span> <span class='ocrx_word' id='word_1_37' title='bbox 952 861 1052 945; x_wconf 77' lang='grc' dir='ltr'><em>χάριν.</em></span> 
     </span>
     <span class='ocr_line' id='line_1_7' title="bbox 228 965 1300 1050; baseline 0.002 -27"><span class='ocrx_word' id='word_1_38' title='bbox 228 967 269 1024; x_wconf 88' lang='lat' dir='ltr'><strong>ita</strong></span> <span class='ocrx_word' id='word_1_39' title='bbox 286 966 362 1024; x_wconf 89' lang='lat' dir='ltr'><strong>enim</strong></span> <span class='ocrx_word' id='word_1_40' title='bbox 378 985 476 1025; x_wconf 80' lang='lat' dir='ltr'><strong>versus</strong></span> <span class='ocrx_word' id='word_1_41' title='bbox 491 966 621 1044; x_wconf 78' lang='lat' dir='ltr'><strong>intellegi</strong></span> <span class='ocrx_word' id='word_1_42' title='bbox 634 967 728 1041; x_wconf 85' lang='lat' dir='ltr'><strong>velim,</strong></span> <span class='ocrx_word' id='word_1_43' title='bbox 744 977 778 1026; x_wconf 89' lang='lat' dir='ltr'><strong>ut</strong></span> <span class='ocrx_word' id='word_1_44' title='bbox 792 969 847 1028; x_wconf 91' lang='grc' dir='ltr'>κού</span> <span class='ocrx_word' id='word_1_45' title='bbox 863 966 979 1046; x_wconf 88' lang='grc' dir='ltr'>μέμψει</span> <span class='ocrx_word' id='word_1_46' title='bbox 995 965 1096 1050; x_wconf 91' lang='grc' dir='ltr'><em>χρόνῳ</em></span> <span class='ocrx_word' id='word_1_47' title='bbox 1110 987 1163 1044; x_wconf 88' lang='lat' dir='ltr'><strong>per</strong></span> <span class='ocrx_word' id='word_1_48' title='bbox 1176 965 1300 1026; x_wconf 88' lang='lat' dir='ltr'><strong>medium</strong></span> 
     </span>
     <span class='ocr_line' id='line_1_8' title="bbox 228 1071 1302 1156; baseline -0.001 -27"><span class='ocrx_word' id='word_1_49' title='bbox 228 1072 366 1131; x_wconf 81' lang='lat' dir='ltr'><strong>insertum</strong></span> <span class='ocrx_word' id='word_1_50' title='bbox 388 1073 425 1130; x_wconf 79' lang='lat' dir='ltr'><strong>eit</strong></span> <span class='ocrx_word' id='word_1_51' title='bbox 444 1071 538 1131; x_wconf 82' lang='lat' dir='ltr'><strong>verbis</strong></span> <span class='ocrx_word' id='word_1_52' title='bbox 561 1074 657 1133; x_wconf 76' lang='grc' dir='ltr'><em>πιθοῦ</em></span> <span class='ocrx_word' id='word_1_53' title='bbox 678 1072 804 1156; x_wconf 75' lang='grc' dir='ltr'><em>λεγούσῃ</em></span> <span class='ocrx_word' id='word_1_54' title='bbox 822 1074 941 1154; x_wconf 80' lang='grc' dir='ltr'><em>χρηστὰ</em></span> <span class='ocrx_word' id='word_1_55' title='bbox 970 1073 1085 1155; x_wconf 81' lang='grc' dir='ltr'><em>γυναικὶ</em></span> <span class='ocrx_word' id='word_1_56' title='bbox 1108 1072 1197 1155; x_wconf 79' lang='grc' dir='ltr'><em>τῇδε,</em></span> <span class='ocrx_word' id='word_1_57' title='bbox 1227 1089 1302 1150; x_wconf 86' lang='lat' dir='ltr'><strong>quae</strong></span> 
     </span>
     <span class='ocr_line' id='line_1_9' title="bbox 228 1174 1300 1258; baseline -0.001 -24"><span class='ocrx_word' id='word_1_58' title='bbox 228 1178 259 1235; x_wconf 91' lang='lat' dir='ltr'><strong>in</strong></span> <span class='ocrx_word' id='word_1_59' title='bbox 281 1196 371 1235; x_wconf 90' lang='lat' dir='ltr'><strong>unum</strong></span> <span class='ocrx_word' id='word_1_60' title='bbox 394 1178 574 1237; x_wconf 86' lang='lat' dir='ltr'><strong>enuntiatum</strong></span> <span class='ocrx_word' id='word_1_61' title='bbox 595 1187 708 1238; x_wconf 79' lang='lat' dir='ltr'><strong>coeunt</strong></span> <span class='ocrx_word' id='word_1_62' title='bbox 743 1199 811 1237; x_wconf 87' lang='lat' dir='ltr'><strong>nam</strong></span> <span class='ocrx_word' id='word_1_63' title='bbox 831 1199 901 1238; x_wconf 82' lang='lat' dir='ltr'><strong>cave</strong></span> <span class='ocrx_word' id='word_1_64' title='bbox 915 1181 1023 1239; x_wconf 81' lang='lat' dir='ltr'><strong>referas</strong></span> <span class='ocrx_word' id='word_1_65' title='bbox 1037 1178 1164 1238; x_wconf 87' lang='lat' dir='ltr'><strong>dativum</strong></span> <span class='ocrx_word' id='word_1_66' title='bbox 1185 1174 1300 1258; x_wconf 78' lang='grc' dir='ltr'><em>γυναικὶ</em></span> 
     </span>
     <span class='ocr_line' id='line_1_10' title="bbox 228 1279 1301 1363; baseline 0.001 -25"><span class='ocrx_word' id='word_1_67' title='bbox 228 1279 299 1361; x_wconf 75' lang='grc' dir='ltr'><em>τῇδε</em></span> <span class='ocrx_word' id='word_1_68' title='bbox 330 1283 415 1339; x_wconf 88' lang='lat' dir='ltr'><strong>etiam</strong></span> <span class='ocrx_word' id='word_1_69' title='bbox 445 1281 483 1341; x_wconf 87' lang='lat' dir='ltr'><strong>ad</strong></span> <span class='ocrx_word' id='word_1_70' title='bbox 512 1279 644 1361; x_wconf 78' lang='grc' dir='ltr'>μέμψει,</span> <span class='ocrx_word' id='word_1_71' title='bbox 675 1282 753 1363; x_wconf 87' lang='lat' dir='ltr'><strong>quod</strong></span> <span class='ocrx_word' id='word_1_72' title='bbox 783 1287 926 1344; x_wconf 84' lang='lat' dir='ltr'><strong>sententia</strong></span> <span class='ocrx_word' id='word_1_73' title='bbox 955 1283 1117 1359; x_wconf 79' lang='lat' dir='ltr'><strong>dieanadet3</strong></span> <span class='ocrx_word' id='word_1_74' title='bbox 1149 1283 1203 1341; x_wconf 91' lang='lat' dir='ltr'><strong>hoc</strong></span> <span class='ocrx_word' id='word_1_75' title='bbox 1225 1284 1301 1340; x_wconf 88' lang='lat' dir='ltr'><strong>enim</strong></span> 
     </span>
     <span class='ocr_line' id='line_1_11' title="bbox 227 1385 1300 1470; baseline 0.001 -26"><span class='ocrx_word' id='word_1_76' title='bbox 227 1385 331 1444; x_wconf 85' lang='lat' dir='ltr'><strong>chorus</strong></span> <span class='ocrx_word' id='word_1_77' title='bbox 352 1385 448 1446; x_wconf 80' lang='lat' dir='ltr'><strong>dicere</strong></span> <span class='ocrx_word' id='word_1_78' title='bbox 469 1387 531 1447; x_wconf 81' lang='lat' dir='ltr'><strong>vult</strong></span> <span class='ocrx_word' id='word_1_79' title='bbox 555 1395 634 1469; x_wconf 81' lang='lat' dir='ltr'><strong>‘pare</strong></span> <span class='ocrx_word' id='word_1_80' title='bbox 658 1390 781 1462; x_wconf 85' lang='lat' dir='ltr'><strong>mulieri,</strong></span> <span class='ocrx_word' id='word_1_81' title='bbox 801 1400 890 1470; x_wconf 81' lang='lat' dir='ltr'><strong>atque</strong></span> <span class='ocrx_word' id='word_1_82' title='bbox 909 1399 1009 1466; x_wconf 87' lang='lat' dir='ltr'><strong>postea</strong></span> <span class='ocrx_word' id='word_1_83' title='bbox 1031 1408 1091 1448; x_wconf 91' lang='lat' dir='ltr'><strong>non</strong></span> <span class='ocrx_word' id='word_1_84' title='bbox 1104 1386 1204 1464; x_wconf 88' lang='lat' dir='ltr'><strong>idigne</strong></span> <span class='ocrx_word' id='word_1_85' title='bbox 1218 1387 1300 1458; x_wconf 84' lang='lat' dir='ltr'><strong>feres,</strong></span> 
     </span>
    </p>
   </div>
   <div class='ocr_carea' id='block_1_3' title="bbox 227 1489 1377 1573">
    <p class='ocr_par' dir='ltr' id='par_1_5' title="bbox 227 1489 1377 1573">
     <span class='ocr_line' id='line_1_12' title="bbox 227 1489 1377 1573; baseline -0.001 -25"><span class='ocrx_word' id='word_1_86' title='bbox 227 1489 306 1569; x_wconf 88' lang='lat' dir='ltr'><strong>qnod</strong></span> <span class='ocrx_word' id='word_1_87' title='bbox 328 1492 355 1549; x_wconf 90' lang='lat' dir='ltr'><strong>ei</strong></span> <span class='ocrx_word' id='word_1_88' title='bbox 376 1491 598 1572; x_wconf 76' lang='lat' dir='ltr'><strong>obtemperasti,</strong></span> <span class='ocrx_word' id='word_1_89' title='bbox 625 1504 654 1555; x_wconf 90' lang='lat' dir='ltr'><strong>et</strong></span> <span class='ocrx_word' id='word_1_90' title='bbox 676 1515 770 1554; x_wconf 87' lang='lat' dir='ltr'><strong>meam</strong></span> <span class='ocrx_word' id='word_1_91' title='bbox 792 1496 877 1555; x_wconf 82' lang='lat' dir='ltr'><strong>simul</strong></span> <span class='ocrx_word' id='word_1_92' title='bbox 897 1497 1020 1573; x_wconf 82' lang='lat' dir='ltr'><strong>gratiam</strong></span> <span class='ocrx_word' id='word_1_93' title='bbox 1040 1494 1095 1554; x_wconf 91' lang='lat' dir='ltr'><strong>tibi</strong></span> <span class='ocrx_word' id='word_1_94' title='bbox 1116 1491 1302 1552; x_wconf 81' lang='lat' dir='ltr'><strong>conciliabis’.</strong></span> <span class='ocrx_word' id='word_1_95' title='bbox 1373 1537 1377 1541; x_wconf 91' lang='lat'>.</span> 
     </span>
    </p>
   </div>
   <div class='ocr_carea' id='block_1_4' title="bbox 226 1596 1305 1682">
    <p class='ocr_par' dir='ltr' id='par_1_6' title="bbox 226 1596 1305 1682">
     <span class='ocr_line' id='line_1_13' title="bbox 226 1596 1305 1682; baseline 0.002 -29"><span class='ocrx_word' id='word_1_96' title='bbox 226 1596 326 1674; x_wconf 81' lang='lat' dir='ltr'><strong>itaque</strong></span> <span class='ocrx_word' id='word_1_97' title='bbox 353 1597 513 1657; x_wconf 79' lang='lat' dir='ltr'>membrum</span> <span class='ocrx_word' id='word_1_98' title='bbox 543 1598 616 1658; x_wconf 87' lang='lat' dir='ltr'><strong>illud</strong></span> <span class='ocrx_word' id='word_1_99' title='bbox 645 1601 698 1659; x_wconf 86' lang='grc' dir='ltr'><strong>κού</strong></span> <span class='ocrx_word' id='word_1_100' title='bbox 727 1598 844 1677; x_wconf 78' lang='grc' dir='ltr'>μέμψει</span> <span class='ocrx_word' id='word_1_101' title='bbox 876 1599 978 1682; x_wconf 91' lang='grc' dir='ltr'><em>χρόνῳ</em></span> <span class='ocrx_word' id='word_1_102' title='bbox 1007 1620 1025 1659; x_wconf 87' lang='lat' dir='ltr'><strong>a</strong></span> <span class='ocrx_word' id='word_1_103' title='bbox 1057 1599 1153 1658; x_wconf 86' lang='lat' dir='ltr'><strong>dativo</strong></span> <span class='ocrx_word' id='word_1_104' title='bbox 1185 1596 1305 1679; x_wconf 83' lang='grc' dir='ltr'><em>γυναικί</em></span> 
     </span>
    </p>
   </div>
   <div class='ocr_carea' id='block_1_5' title="bbox 226 1700 1314 1780">
    <p class='ocr_par' dir='ltr' id='par_1_7' title="bbox 226 1700 1314 1780">
     <span class='ocr_line' id='line_1_14' title="bbox 226 1700 1314 1780; baseline 0.006 -22"><span class='ocrx_word' id='word_1_105' title='bbox 226 1700 314 1776; x_wconf 90' lang='lat' dir='ltr'><strong>plane</strong></span> <span class='ocrx_word' id='word_1_106' title='bbox 341 1702 553 1780; x_wconf 80' lang='lat' dir='ltr'><strong>seiungendum</strong></span> <span class='ocrx_word' id='word_1_107' title='bbox 582 1712 641 1776; x_wconf 83' lang='lat' dir='ltr'><strong>est,</strong></span> <span class='ocrx_word' id='word_1_108' title='bbox 672 1725 738 1763; x_wconf 90' lang='lat' dir='ltr'><strong>cum</strong></span> <span class='ocrx_word' id='word_1_109' title='bbox 767 1724 805 1764; x_wconf 86' lang='lat' dir='ltr'><strong>ex</strong></span> <span class='ocrx_word' id='word_1_110' title='bbox 833 1709 994 1765; x_wconf 84' lang='lat' dir='ltr'><strong>sententiae</strong></span> <span class='ocrx_word' id='word_1_111' title='bbox 1023 1707 1135 1764; x_wconf 85' lang='lat' dir='ltr'><strong>ratione</strong></span> <span class='ocrx_word' id='word_1_112' title='bbox 1155 1723 1215 1762; x_wconf 89' lang='lat' dir='ltr'><strong>una</strong></span> <span class='ocrx_word' id='word_1_113' title='bbox 1236 1703 1314 1765; x_wconf 68' lang='lat' dir='ltr'><strong>cunr</strong></span> 
     </span>
    </p>
   </div>
   <div class='ocr_carea' id='block_1_6' title="bbox 194 1805 1303 2631">
    <p class='ocr_par' dir='ltr' id='par_1_8' title="bbox 226 1805 1301 2078">
     <span class='ocr_line' id='line_1_15' title="bbox 226 1805 1301 1892; baseline 0.001 -28"><span class='ocrx_word' id='word_1_114' title='bbox 226 1805 318 1866; x_wconf 87' lang='lat' dir='ltr'><strong>altero</strong></span> <span class='ocrx_word' id='word_1_115' title='bbox 340 1812 489 1892; x_wconf 75' lang='lat' dir='ltr'><strong>enuntiato</strong></span> <span class='ocrx_word' id='word_1_116' title='bbox 509 1812 644 1890; x_wconf 81' lang='lat' dir='ltr'><strong>postponi</strong></span> <span class='ocrx_word' id='word_1_117' title='bbox 667 1810 793 1870; x_wconf 88' lang='lat' dir='ltr'><strong>deberet.</strong></span> <span class='ocrx_word' id='word_1_118' title='bbox 832 1811 907 1870; x_wconf 84' lang='lat' dir='ltr'><strong>hano</strong></span> <span class='ocrx_word' id='word_1_119' title='bbox 920 1821 1017 1870; x_wconf 83' lang='lat' dir='ltr'><strong>autem</strong></span> <span class='ocrx_word' id='word_1_120' title='bbox 1032 1812 1168 1869; x_wconf 83' lang='lat' dir='ltr'><strong>orationis</strong></span> <span class='ocrx_word' id='word_1_121' title='bbox 1181 1808 1301 1867; x_wconf 87' lang='lat' dir='ltr'><strong>formam</strong></span> 
     </span>
     <span class='ocr_line' id='line_1_16' title="bbox 226 1910 1301 1993; baseline 0.002 -25"><span class='ocrx_word' id='word_1_122' title='bbox 226 1931 245 1968; x_wconf 91' lang='lat' dir='ltr'><strong>a</strong></span> <span class='ocrx_word' id='word_1_123' title='bbox 266 1910 488 1974; x_wconf 85' lang='lat' dir='ltr'><strong>Schneidewino</strong></span> <span class='ocrx_word' id='word_1_124' title='bbox 517 1934 576 1973; x_wconf 91' lang='lat' dir='ltr'><strong>non</strong></span> <span class='ocrx_word' id='word_1_125' title='bbox 606 1915 697 1991; x_wconf 91' lang='lat' dir='ltr'><strong>probe</strong></span> <span class='ocrx_word' id='word_1_126' title='bbox 719 1936 781 1976; x_wconf 83' lang='lat' dir='ltr'><strong>esse</strong></span> <span class='ocrx_word' id='word_1_127' title='bbox 803 1925 983 1993; x_wconf 81' lang='lat' dir='ltr'><strong>perspectam</strong></span> <span class='ocrx_word' id='word_1_128' title='bbox 1004 1915 1136 1975; x_wconf 83' lang='lat' dir='ltr'><strong>adhibita</strong></span> <span class='ocrx_word' id='word_1_129' title='bbox 1157 1912 1301 1972; x_wconf 81' lang='lat' dir='ltr'><strong>distinctio</strong></span> 
     </span>
     <span class='ocr_line' id='line_1_17' title="bbox 229 2016 363 2078; baseline 0.015 -3"><span class='ocrx_word' id='word_1_130' title='bbox 229 2016 363 2078; x_wconf 86' lang='lat' dir='ltr'><strong>ostendit.</strong></span> 
     </span>
    </p>

    <p class='ocr_par' dir='ltr' id='par_1_9' title="bbox 194 2123 1303 2631">
     <span class='ocr_line' id='line_1_18' title="bbox 313 2123 1302 2205; baseline -0.002 -22"><span class='ocrx_word' id='word_1_131' title='bbox 313 2124 361 2183; x_wconf 89' lang='lat' dir='ltr'><strong>Ne</strong></span> <span class='ocrx_word' id='word_1_132' title='bbox 376 2145 395 2183; x_wconf 86' lang='lat' dir='ltr'><strong>a</strong></span> <span class='ocrx_word' id='word_1_133' title='bbox 415 2145 500 2205; x_wconf 84' lang='lat' dir='ltr'><strong>prosa</strong></span> <span class='ocrx_word' id='word_1_134' title='bbox 522 2124 640 2201; x_wconf 85' lang='lat' dir='ltr'><strong>quidem</strong></span> <span class='ocrx_word' id='word_1_135' title='bbox 655 2128 785 2185; x_wconf 89' lang='lat' dir='ltr'><strong>oratione</strong></span> <span class='ocrx_word' id='word_1_136' title='bbox 799 2127 865 2185; x_wconf 89' lang='lat' dir='ltr'><strong>talis</strong></span> <span class='ocrx_word' id='word_1_137' title='bbox 879 2123 1031 2186; x_wconf 86' lang='lat' dir='ltr'><strong>verborum</strong></span> <span class='ocrx_word' id='word_1_138' title='bbox 1046 2124 1194 2184; x_wconf 88' lang='lat' dir='ltr'><strong>collocatio</strong></span> <span class='ocrx_word' id='word_1_139' title='bbox 1207 2124 1302 2182; x_wconf 89' lang='lat' dir='ltr'><strong>aliena</strong></span> 
     </span>
     <span class='ocr_line' id='line_1_19' title="bbox 229 2227 1303 2312; baseline 0.003 -27"><span class='ocrx_word' id='word_1_140' title='bbox 229 2236 279 2286; x_wconf 87' lang='lat' dir='ltr'><strong>est.</strong></span> <span class='ocrx_word' id='word_1_141' title='bbox 318 2230 353 2288; x_wconf 88' lang='lat' dir='ltr'><strong>cf.</strong></span> <span class='ocrx_word' id='word_1_142' title='bbox 372 2229 465 2289; x_wconf 83' lang='lat' dir='ltr'><strong>Thuc.</strong></span> <span class='ocrx_word' id='word_1_143' title='bbox 487 2231 503 2289; x_wconf 95' lang='lat' dir='ltr'>I</span> <span class='ocrx_word' id='word_1_144' title='bbox 531 2236 587 2292; x_wconf 81' lang='lat'><strong>102</strong></span> <span class='ocrx_word' id='word_1_145' title='bbox 612 2227 639 2290; x_wconf 78' lang='lat' dir='ltr'><strong>oi</strong></span> <span class='ocrx_word' id='word_1_146' title='bbox 659 2230 717 2312; x_wconf 87' lang='grc' dir='ltr'><strong>γὰρ</strong></span> <span class='ocrx_word' id='word_1_147' title='bbox 738 2229 992 2308; x_wconf 78' lang='grc' dir='ltr'><em>Λακεδαιμόνιοι,</em></span> <span class='ocrx_word' id='word_1_148' title='bbox 1016 2228 1116 2309; x_wconf 72' lang='grc' dir='ltr'><em>ἐπειδὴ</em></span> <span class='ocrx_word' id='word_1_149' title='bbox 1138 2229 1172 2289; x_wconf 85' lang='grc' dir='ltr'><strong>τό</strong></span> <span class='ocrx_word' id='word_1_150' title='bbox 1191 2229 1303 2311; x_wconf 82' lang='grc' dir='ltr'><em>χωρίον</em></span> 
     </span>
     <span class='ocr_line' id='line_1_20' title="bbox 228 2326 1303 2418; baseline 0.003 -27"><span class='ocrx_word' id='word_1_151' title='bbox 228 2333 283 2411; x_wconf 88' lang='grc' dir='ltr'><strong>ούχ</strong></span> <span class='ocrx_word' id='word_1_152' title='bbox 304 2332 457 2413; x_wconf 78' lang='grc' dir='ltr'><em>ἡλίσκετο,</em></span> <span class='ocrx_word' id='word_1_153' title='bbox 486 2334 636 2408; x_wconf 75' lang='grc' dir='ltr'><em>δείσαντες</em></span> <span class='ocrx_word' id='word_1_154' title='bbox 665 2332 732 2397; x_wconf 77' lang='grc' dir='ltr'><strong>τῶν</strong></span> <span class='ocrx_word' id='word_1_155' title='bbox 749 2326 923 2417; x_wconf 73' lang='grc' dir='ltr'><em>Ἀθηναίων</em></span> <span class='ocrx_word' id='word_1_156' title='bbox 944 2336 979 2397; x_wconf 82' lang='grc' dir='ltr'><strong>τὸ</strong></span> <span class='ocrx_word' id='word_1_157' title='bbox 1008 2335 1157 2418; x_wconf 84' lang='grc' dir='ltr'><em>τολμηρόν</em></span> <span class='ocrx_word' id='word_1_158' title='bbox 1179 2335 1228 2395; x_wconf 79' lang='grc' dir='ltr'><strong>καὶ</strong></span> <span class='ocrx_word' id='word_1_159' title='bbox 1249 2335 1303 2413; x_wconf 84' lang='grc' dir='ltr'><strong>τὴν</strong></span> 
     </span>
     <span class='ocr_line' id='line_1_21' title="bbox 230 2439 1303 2524; baseline 0.004 -28"><span class='ocrx_word' id='word_1_160' title='bbox 230 2439 456 2521; x_wconf 79' lang='grc' dir='ltr'><em>νεωτεροποιίαν</em></span> <span class='ocrx_word' id='word_1_161' title='bbox 477 2441 528 2501; x_wconf 84' lang='grc' dir='ltr'><strong>καί</strong></span> <span class='ocrx_word' id='word_1_162' title='bbox 558 2442 742 2524; x_wconf 77' lang='grc' dir='ltr'><em>ἀλλοφύλους</em></span> <span class='ocrx_word' id='word_1_163' title='bbox 765 2439 830 2520; x_wconf 83' lang='grc' dir='ltr'><strong>ἅμα</strong></span> <span class='ocrx_word' id='word_1_164' title='bbox 852 2440 1041 2523; x_wconf 81' lang='grc' dir='ltr'><em>ἡγησάμενοι,</em></span> <span class='ocrx_word' id='word_1_165' title='bbox 1063 2442 1107 2520; x_wconf 79' lang='grc' dir='ltr'><strong>μή</strong></span> <span class='ocrx_word' id='word_1_166' title='bbox 1129 2463 1159 2502; x_wconf 90' lang='grc' dir='ltr'><strong>τι</strong></span> <span class='ocrx_word' id='word_1_167' title='bbox 1182 2477 1223 2487; x_wconf 91' lang='lat'>-</span> <span class='ocrx_word' id='word_1_168' title='bbox 1244 2441 1303 2500; x_wconf 70' lang='grc' dir='ltr'><strong>ὑπὸ</strong></span> 
     </span>
     <span class='ocr_line' id='line_1_22' title="bbox 194 2542 1303 2631; baseline 0.002 -28"><span class='ocrx_word' id='word_1_169' title='bbox 194 2604 196 2613; x_wconf 75' lang='grc'><em>,</em></span> <span class='ocrx_word' id='word_1_170' title='bbox 229 2551 291 2603; x_wconf 83' lang='grc' dir='ltr'><strong>τῶν</strong></span> <span class='ocrx_word' id='word_1_171' title='bbox 306 2543 337 2605; x_wconf 80' lang='grc' dir='ltr'><strong>έν</strong></span> <span class='ocrx_word' id='word_1_172' title='bbox 352 2542 473 2630; x_wconf 73' lang='grc' dir='ltr'>Ἰθώμῃ</span> <span class='ocrx_word' id='word_1_173' title='bbox 489 2544 663 2618; x_wconf 74' lang='grc' dir='ltr'><strong>πεισθέντες</strong></span> <span class='ocrx_word' id='word_1_174' title='bbox 678 2547 884 2631; x_wconf 87' lang='grc' dir='ltr'><em>νεωτερίσωσι.</em></span> <span class='ocrx_word' id='word_1_175' title='bbox 908 2550 1089 2608; x_wconf 87' lang='lat' dir='ltr'><strong>enuntiatum</strong></span> <span class='ocrx_word' id='word_1_176' title='bbox 1103 2547 1303 2606; x_wconf 87' lang='lat' dir='ltr'><strong>secundarium</strong></span> 
     </span>
    </p>
   </div>
   <div class='ocr_carea' id='block_1_7' title="bbox 227 2648 1322 2733">
    <p class='ocr_par' dir='ltr' id='par_1_10' title="bbox 227 2648 1322 2733">
     <span class='ocr_line' id='line_1_23' title="bbox 227 2648 1322 2733; baseline 0.001 -24"><span class='ocrx_word' id='word_1_177' title='bbox 227 2650 368 2725; x_wconf 85' lang='lat' dir='ltr'><strong>particula</strong></span> <span class='ocrx_word' id='word_1_178' title='bbox 388 2651 433 2731; x_wconf 78' lang='grc' dir='ltr'><strong>μή</strong></span> <span class='ocrx_word' id='word_1_179' title='bbox 455 2651 620 2711; x_wconf 84' lang='lat' dir='ltr'><strong>incohatum</strong></span> <span class='ocrx_word' id='word_1_180' title='bbox 640 2673 658 2711; x_wconf 90' lang='lat' dir='ltr'><strong>a</strong></span> <span class='ocrx_word' id='word_1_181' title='bbox 679 2653 767 2712; x_wconf 91' lang='lat' dir='ltr'><strong>verbo</strong></span> <span class='ocrx_word' id='word_1_182' title='bbox 792 2652 943 2724; x_wconf 77' lang='grc' dir='ltr'><em>δείσαντες</em></span> <span class='ocrx_word' id='word_1_183' title='bbox 967 2663 1010 2713; x_wconf 89' lang='lat' dir='ltr'><strong>est</strong></span> <span class='ocrx_word' id='word_1_184' title='bbox 1033 2661 1149 2733; x_wconf 82' lang='lat' dir='ltr'><strong>aptum,</strong></span> <span class='ocrx_word' id='word_1_185' title='bbox 1176 2662 1206 2711; x_wconf 88' lang='lat' dir='ltr'><strong>et</strong></span> <span class='ocrx_word' id='word_1_186' title='bbox 1230 2648 1322 2711; x_wconf 91' lang='lat' dir='ltr'><strong>illud-</strong></span> 
     </span>
    </p>
   </div>
   <div class='ocr_carea' id='block_1_8' title="bbox 227 2752 1304 3891">
    <p class='ocr_par' dir='ltr' id='par_1_11' title="bbox 227 2752 1304 3891">
     <span class='ocr_line' id='line_1_24' title="bbox 229 2752 1303 2838; baseline 0.003 -25"><span class='ocrx_word' id='word_1_187' title='bbox 229 2752 380 2827; x_wconf 79' lang='grc' dir='ltr'><em>δείσαντες</em></span> <span class='ocrx_word' id='word_1_188' title='bbox 395 2758 491 2833; x_wconf 89' lang='lat' dir='ltr'><strong>priore</strong></span> <span class='ocrx_word' id='word_1_189' title='bbox 507 2758 570 2817; x_wconf 86' lang='lat' dir='ltr'><strong>loeo</strong></span> <span class='ocrx_word' id='word_1_190' title='bbox 586 2767 629 2817; x_wconf 84' lang='lat' dir='ltr'><strong>est</strong></span> <span class='ocrx_word' id='word_1_191' title='bbox 645 2758 781 2838; x_wconf 82' lang='lat' dir='ltr'><strong>positum,</strong></span> <span class='ocrx_word' id='word_1_192' title='bbox 800 2758 878 2838; x_wconf 88' lang='lat' dir='ltr'><strong>quod</strong></span> <span class='ocrx_word' id='word_1_193' title='bbox 901 2762 931 2817; x_wconf 90' lang='lat' dir='ltr'><strong>in</strong></span> <span class='ocrx_word' id='word_1_194' title='bbox 954 2779 987 2817; x_wconf 93' lang='lat' dir='ltr'><strong>eo</strong></span> <span class='ocrx_word' id='word_1_195' title='bbox 1009 2760 1124 2836; x_wconf 84' lang='lat' dir='ltr'><strong>gravior</strong></span> <span class='ocrx_word' id='word_1_196' title='bbox 1144 2760 1303 2818; x_wconf 80' lang='lat' dir='ltr'><strong>sententiae</strong></span> 
     </span>
     <span class='ocr_line' id='line_1_25' title="bbox 227 2840 1303 2947; baseline 0.005 -30"><span class='ocrx_word' id='word_1_197' title='bbox 227 2840 271 2918; x_wconf 72' lang='lat' dir='ltr'><strong>via</strong></span> <span class='ocrx_word' id='word_1_198' title='bbox 293 2864 471 2938; x_wconf 82' lang='lat' dir='ltr'><strong>continetnr3</strong></span> <span class='ocrx_word' id='word_1_199' title='bbox 494 2863 618 2922; x_wconf 83' lang='lat' dir='ltr'><strong>alterum</strong></span> <span class='ocrx_word' id='word_1_200' title='bbox 639 2873 736 2922; x_wconf 85' lang='lat' dir='ltr'><strong>autem</strong></span> <span class='ocrx_word' id='word_1_201' title='bbox 757 2864 918 2924; x_wconf 85' lang='lat' dir='ltr'>membrum</span> <span class='ocrx_word' id='word_1_202' title='bbox 940 2863 1004 2947; x_wconf 82' lang='grc' dir='ltr'><strong>(καὶ</strong></span> <span class='ocrx_word' id='word_1_203' title='bbox 1027 2862 1212 2944; x_wconf 79' lang='grc' dir='ltr'><em>ἀλλοφύλους</em></span> <span class='ocrx_word' id='word_1_204' title='bbox 1238 2860 1303 2940; x_wconf 83' lang='grc' dir='ltr'><strong>ἅμα</strong></span> 
     </span>
     <span class='ocr_line' id='line_1_26' title="bbox 227 2964 1304 3050; baseline -0.001 -24"><span class='ocrx_word' id='word_1_205' title='bbox 227 2964 423 3050; x_wconf 79' lang='grc' dir='ltr'><em>ἡγησάμενοι)</em></span> <span class='ocrx_word' id='word_1_206' title='bbox 434 2971 633 3045; x_wconf 78' lang='lat' dir='ltr'><strong>interpositum</strong></span> <span class='ocrx_word' id='word_1_207' title='bbox 645 2978 696 3042; x_wconf 85' lang='lat' dir='ltr'><strong>est,</strong></span> <span class='ocrx_word' id='word_1_208' title='bbox 709 2989 748 3028; x_wconf 90' lang='lat' dir='ltr'><strong>ne</strong></span> <span class='ocrx_word' id='word_1_209' title='bbox 759 2970 814 3030; x_wconf 85' lang='lat' dir='ltr'><strong>snb</strong></span> <span class='ocrx_word' id='word_1_210' title='bbox 824 2970 911 3030; x_wconf 88' lang='lat' dir='ltr'><strong>finem</strong></span> <span class='ocrx_word' id='word_1_211' title='bbox 922 2970 1092 3029; x_wconf 82' lang='lat' dir='ltr'><strong>collocatum</strong></span> <span class='ocrx_word' id='word_1_212' title='bbox 1101 2971 1179 3027; x_wconf 89' lang='lat' dir='ltr'><strong>omni</strong></span> <span class='ocrx_word' id='word_1_213' title='bbox 1191 2987 1304 3037; x_wconf 85' lang='lat' dir='ltr'><strong>conexu</strong></span> 
     </span>
     <span class='ocr_line' id='line_1_27' title="bbox 227 3068 1304 3143; baseline 0.001 -13"><span class='ocrx_word' id='word_1_214' title='bbox 227 3073 266 3130; x_wconf 86' lang='lat' dir='ltr'><strong>sit</strong></span> <span class='ocrx_word' id='word_1_215' title='bbox 280 3071 456 3133; x_wconf 86' lang='lat' dir='ltr'><strong>destitutum.</strong></span> <span class='ocrx_word' id='word_1_216' title='bbox 486 3076 553 3133; x_wconf 89' lang='lat' dir='ltr'><strong>huie</strong></span> <span class='ocrx_word' id='word_1_217' title='bbox 566 3074 630 3133; x_wconf 86' lang='lat' dir='ltr'><strong>loeo</strong></span> <span class='ocrx_word' id='word_1_218' title='bbox 645 3073 735 3133; x_wconf 80' lang='lat' dir='ltr'><strong>addas</strong></span> <span class='ocrx_word' id='word_1_219' title='bbox 748 3075 956 3137; x_wconf 81' lang='lat' dir='ltr'><strong>Thue.V164</strong></span> <span class='ocrx_word' id='word_1_220' title='bbox 978 3068 1053 3134; x_wconf 80' lang='grc' dir='ltr'><em>είνιιι</em></span> <span class='ocrx_word' id='word_1_221' title='bbox 1068 3071 1213 3133; x_wconf 77' lang='grc' dir='ltr'><em>δὲταῦτα</em></span> <span class='ocrx_word' id='word_1_222' title='bbox 1235 3075 1304 3143; x_wconf 84' lang='grc' dir='ltr'><em>τοὺς</em></span> 
     </span>
     <span class='ocr_line' id='line_1_28' title="bbox 228 3169 1303 3259; baseline 0.002 -25"><span class='ocrx_word' id='word_1_223' title='bbox 228 3176 447 3259; x_wconf 79' lang='grc' dir='ltr'><em>ξονύράσοντας</em></span> <span class='ocrx_word' id='word_1_224' title='bbox 461 3180 587 3250; x_wconf 86' lang='grc' dir='ltr'><em>πολλοὺς</em></span> <span class='ocrx_word' id='word_1_225' title='bbox 601 3179 798 3255; x_wconf 84' lang='grc' dir='ltr'><em>Καταναίων,</em></span> <span class='ocrx_word' id='word_1_226' title='bbox 815 3180 865 3239; x_wconf 82' lang='grc' dir='ltr'><strong>καὶ</strong></span> <span class='ocrx_word' id='word_1_227' title='bbox 880 3177 1069 3258; x_wconf 72' lang='grc' dir='ltr'><em>ἡτοιμάσθαι</em></span> <span class='ocrx_word' id='word_1_228' title='bbox 1088 3177 1154 3258; x_wconf 73' lang='grc' dir='ltr'><em>ἤδη,</em></span> <span class='ocrx_word' id='word_1_229' title='bbox 1177 3175 1239 3259; x_wconf 72' lang='grc' dir='ltr'><strong>ἀφ’</strong></span> <span class='ocrx_word' id='word_1_230' title='bbox 1261 3169 1303 3236; x_wconf 82' lang='grc' dir='ltr'><strong>ὧν</strong></span> 
     </span>
     <span class='ocr_line' id='line_1_29' title="bbox 229 3281 1304 3365; baseline 0.002 -26"><span class='ocrx_word' id='word_1_231' title='bbox 229 3281 320 3352; x_wconf 77' lang='grc' dir='ltr'><em>αὐτὸς</em></span> <span class='ocrx_word' id='word_1_232' title='bbox 340 3282 430 3361; x_wconf 72' lang='grc' dir='ltr'><em>ἥκειν,</em></span> <span class='ocrx_word' id='word_1_233' title='bbox 454 3294 483 3343; x_wconf 89' lang='lat' dir='ltr'><strong>et</strong></span> <span class='ocrx_word' id='word_1_234' title='bbox 501 3286 588 3344; x_wconf 80' lang='lat' dir='ltr'><strong>Isocr.</strong></span> <span class='ocrx_word' id='word_1_235' title='bbox 606 3305 710 3365; x_wconf 78' lang='lat' dir='ltr'><strong>paneg.</strong></span> <span class='ocrx_word' id='word_1_236' title='bbox 733 3292 813 3347; x_wconf 77' lang='lat'><strong>1490</strong></span> <span class='ocrx_word' id='word_1_237' title='bbox 828 3282 1038 3361; x_wconf 71' lang='grc' dir='ltr'><em>θαυμάζοντες</em></span> <span class='ocrx_word' id='word_1_238' title='bbox 1059 3284 1109 3343; x_wconf 81' lang='grc' dir='ltr'><strong>καί</strong></span> <span class='ocrx_word' id='word_1_239' title='bbox 1132 3282 1304 3360; x_wconf 79' lang='grc' dir='ltr'><em>ὁμιλοῦντες</em></span> 
     </span>
     <span class='ocr_line' id='line_1_30' title="bbox 229 3387 1304 3471; baseline 0.002 -26"><span class='ocrx_word' id='word_1_240' title='bbox 229 3388 298 3456; x_wconf 84' lang='grc' dir='ltr'><em>τοὺς</em></span> <span class='ocrx_word' id='word_1_241' title='bbox 320 3387 437 3460; x_wconf 90' lang='grc' dir='ltr'><em>τούτοις</em></span> <span class='ocrx_word' id='word_1_242' title='bbox 451 3389 666 3471; x_wconf 89' lang='grc' dir='ltr'><em>πρωτεύοντας,</em></span> <span class='ocrx_word' id='word_1_243' title='bbox 682 3389 733 3449; x_wconf 90' lang='lat' dir='ltr'><strong>ubi</strong></span> <span class='ocrx_word' id='word_1_244' title='bbox 746 3390 895 3449; x_wconf 84' lang='lat' dir='ltr'><strong>brevitatis</strong></span> <span class='ocrx_word' id='word_1_245' title='bbox 908 3389 1035 3449; x_wconf 85' lang='lat' dir='ltr'><strong>studium</strong></span> <span class='ocrx_word' id='word_1_246' title='bbox 1047 3389 1170 3448; x_wconf 86' lang='lat' dir='ltr'><strong>alterum</strong></span> <span class='ocrx_word' id='word_1_247' title='bbox 1186 3388 1304 3447; x_wconf 88' lang='lat' dir='ltr'><strong>verbum</strong></span> 
     </span>
     <span class='ocr_line' id='line_1_31' title="bbox 228 3491 1304 3555; baseline 0.003 -7"><span class='ocrx_word' id='word_1_248' title='bbox 228 3491 356 3550; x_wconf 88' lang='lat' dir='ltr'><strong>medium</strong></span> <span class='ocrx_word' id='word_1_249' title='bbox 377 3496 505 3554; x_wconf 86' lang='lat' dir='ltr'><strong>inseruit.</strong></span> <span class='ocrx_word' id='word_1_250' title='bbox 548 3494 615 3554; x_wconf 91' lang='lat' dir='ltr'><strong>vide</strong></span> <span class='ocrx_word' id='word_1_251' title='bbox 636 3499 721 3555; x_wconf 90' lang='lat' dir='ltr'><strong>etiam</strong></span> <span class='ocrx_word' id='word_1_252' title='bbox 745 3494 947 3554; x_wconf 76' lang='lat' dir='ltr'><strong>Heindorlium</strong></span> <span class='ocrx_word' id='word_1_253' title='bbox 967 3494 1004 3553; x_wconf 86' lang='lat' dir='ltr'><strong>ad</strong></span> <span class='ocrx_word' id='word_1_254' title='bbox 1027 3495 1101 3554; x_wconf 88' lang='lat' dir='ltr'><strong>Plat.</strong></span> <span class='ocrx_word' id='word_1_255' title='bbox 1117 3492 1304 3553; x_wconf 78' lang='lat' dir='ltr'><strong>Phaedonem</strong></span> 
     </span>
     <span class='ocr_line' id='line_1_32' title="bbox 229 3595 1303 3677; baseline -0.003 -19"><span class='ocrx_word' id='word_1_256' title='bbox 229 3595 295 3658; x_wconf 73' lang='lat' dir='ltr'><strong>ald</strong></span> <span class='ocrx_word' id='word_1_257' title='bbox 318 3620 345 3677; x_wconf 86' lang='lat' dir='ltr'><strong>p.</strong></span> <span class='ocrx_word' id='word_1_258' title='bbox 376 3607 441 3662; x_wconf 87' lang='grc'><strong>166.</strong></span> <span class='ocrx_word' id='word_1_259' title='bbox 493 3600 780 3661; x_wconf 86' lang='lat' dir='ltr'><strong>animadvertendum</strong></span> <span class='ocrx_word' id='word_1_260' title='bbox 801 3610 897 3659; x_wconf 85' lang='lat' dir='ltr'><strong>autem</strong></span> <span class='ocrx_word' id='word_1_261' title='bbox 920 3609 964 3659; x_wconf 86' lang='lat' dir='ltr'><strong>est</strong></span> <span class='ocrx_word' id='word_1_262' title='bbox 993 3598 1158 3675; x_wconf 87' lang='lat' dir='ltr'><strong>exemplum</strong></span> <span class='ocrx_word' id='word_1_263' title='bbox 1184 3598 1303 3675; x_wconf 78' lang='lat' dir='ltr'><strong>Thucy-</strong></span> 
     </span>
     <span class='ocr_line' id='line_1_33' title="bbox 228 3698 1303 3789; baseline 0.001 -29"><span class='ocrx_word' id='word_1_264' title='bbox 228 3700 362 3776; x_wconf 81' lang='lat' dir='ltr'><strong>dideum‚</strong></span> <span class='ocrx_word' id='word_1_265' title='bbox 393 3704 443 3763; x_wconf 90' lang='lat' dir='ltr'><strong>ubi</strong></span> <span class='ocrx_word' id='word_1_266' title='bbox 465 3705 607 3765; x_wconf 88' lang='lat' dir='ltr'><strong>obiectum</strong></span> <span class='ocrx_word' id='word_1_267' title='bbox 631 3706 710 3765; x_wconf 87' lang='lat' dir='ltr'><strong>verbi</strong></span> <span class='ocrx_word' id='word_1_268' title='bbox 731 3704 891 3789; x_wconf 84' lang='lat' dir='ltr'><strong>antecedit,</strong></span> <span class='ocrx_word' id='word_1_269' title='bbox 918 3709 963 3768; x_wconf 93' lang='lat' dir='ltr'><strong>III</strong></span> <span class='ocrx_word' id='word_1_270' title='bbox 987 3711 1025 3767; x_wconf 76' lang='lat'><strong>68</strong></span> <span class='ocrx_word' id='word_1_271' title='bbox 1055 3698 1149 3774; x_wconf 75' lang='grc' dir='ltr'><em>αὖθις</em></span> <span class='ocrx_word' id='word_1_272' title='bbox 1170 3703 1206 3763; x_wconf 84' lang='grc' dir='ltr'><strong>τό</strong></span> <span class='ocrx_word' id='word_1_273' title='bbox 1228 3702 1303 3762; x_wconf 80' lang='grc' dir='ltr'><em>αὐτὸ</em></span> 
     </span>
     <span class='ocr_line' id='line_1_34' title="bbox 229 3806 937 3891; baseline 0.003 -24"><span class='ocrx_word' id='word_1_274' title='bbox 229 3806 280 3868; x_wconf 68' lang='lat' dir='ltr'><strong>{ta</strong></span> <span class='ocrx_word' id='word_1_275' title='bbox 303 3806 427 3869; x_wconf 67' lang='grc' dir='ltr'><em>ἕκαστον</em></span> <span class='ocrx_word' id='word_1_276' title='bbox 448 3809 665 3891; x_wconf 84' lang='grc' dir='ltr'><em>προαγαγόντες</em></span> <span class='ocrx_word' id='word_1_277' title='bbox 687 3810 738 3869; x_wconf 83' lang='grc' dir='ltr'><strong>καὶ</strong></span> <span class='ocrx_word' id='word_1_278' title='bbox 760 3806 937 3891; x_wconf 72' lang='grc' dir='ltr'><em>ἐρωτῶντες.</em></span> 
     </span>
    </p>
   </div>
   <div class='ocr_carea' id='block_1_9' title="bbox 313 3896 1336 3997">
    <p class='ocr_par' dir='ltr' id='par_1_12' title="bbox 313 3896 1336 3997">
     <span class='ocr_line' id='line_1_35' title="bbox 313 3896 1336 3997; baseline -0.003 -24"><span class='ocrx_word' id='word_1_279' title='bbox 313 3915 450 3991; x_wconf 83' lang='lat' dir='ltr'><strong>Inprimis</strong></span> <span class='ocrx_word' id='word_1_280' title='bbox 471 3917 542 3975; x_wconf 89' lang='lat' dir='ltr'><strong>haec</strong></span> <span class='ocrx_word' id='word_1_281' title='bbox 557 3916 712 3997; x_wconf 83' lang='lat' dir='ltr'><strong>hyperbati</strong></span> <span class='ocrx_word' id='word_1_282' title='bbox 731 3917 849 3995; x_wconf 80' lang='lat' dir='ltr'><strong>species,</strong></span> <span class='ocrx_word' id='word_1_283' title='bbox 866 3935 952 3994; x_wconf 88' lang='lat' dir='ltr'><strong>quam</strong></span> <span class='ocrx_word' id='word_1_284' title='bbox 968 3913 1068 3974; x_wconf 89' lang='lat' dir='ltr'><strong>dicunt</strong></span> <span class='ocrx_word' id='word_1_285' title='bbox 1087 3912 1304 3972; x_wconf 84' lang='lat' dir='ltr'><strong>collocationem</strong></span> <span class='ocrx_word' id='word_1_286' title='bbox 1334 3896 1336 3907; x_wconf 51' lang='grc'><em>’</em></span> 
     </span>
    </p>
   </div>
   <div class='ocr_carea' id='block_1_10' title="bbox 228 4018 1302 4101">
    <p class='ocr_par' dir='ltr' id='par_1_13' title="bbox 228 4018 1302 4101">
     <span class='ocr_line' id='line_1_36' title="bbox 228 4018 1302 4101; baseline -0.003 -22"><span class='ocrx_word' id='word_1_287' title='bbox 228 4019 279 4079; x_wconf 73' lang='grc' dir='ltr'><strong>διὰ</strong></span> <span class='ocrx_word' id='word_1_288' title='bbox 293 4019 394 4099; x_wconf 84' lang='grc' dir='ltr'><em>μέσου,</em></span> <span class='ocrx_word' id='word_1_289' title='bbox 411 4021 488 4081; x_wconf 89' lang='lat' dir='ltr'><strong>valet</strong></span> <span class='ocrx_word' id='word_1_290' title='bbox 500 4020 542 4079; x_wconf 77' lang='lat' dir='ltr'><strong>&#39;ad</strong></span> <span class='ocrx_word' id='word_1_291' title='bbox 557 4018 770 4101; x_wconf 83' lang='lat' dir='ltr'><strong>depingendam</strong></span> <span class='ocrx_word' id='word_1_292' title='bbox 784 4022 874 4079; x_wconf 84' lang='lat' dir='ltr'><strong>animi</strong></span> <span class='ocrx_word' id='word_1_293' title='bbox 887 4022 1044 4079; x_wconf 86' lang='lat' dir='ltr'><strong>aestuantis</strong></span> <span class='ocrx_word' id='word_1_294' title='bbox 1057 4019 1302 4096; x_wconf 89' lang='lat' dir='ltr'><strong>perturbationem</strong></span> 
     </span>
    </p>
   </div>
   <div class='ocr_carea' id='block_1_11' title="bbox 229 4124 1387 4219">
    <p class='ocr_par' dir='ltr' id='par_1_14' title="bbox 229 4124 1387 4219">
     <span class='ocr_line' id='line_1_37' title="bbox 229 4124 1387 4219; baseline -0.003 -35"><span class='ocrx_word' id='word_1_295' title='bbox 229 4135 258 4184; x_wconf 91' lang='lat' dir='ltr'><strong>et</strong></span> <span class='ocrx_word' id='word_1_296' title='bbox 279 4131 388 4206; x_wconf 88' lang='lat' dir='ltr'><strong>optime</strong></span> <span class='ocrx_word' id='word_1_297' title='bbox 408 4130 542 4187; x_wconf 88' lang='lat' dir='ltr'><strong>convenit</strong></span> <span class='ocrx_word' id='word_1_298' title='bbox 561 4128 682 4186; x_wconf 88' lang='lat' dir='ltr'><strong>orationi</strong></span> <span class='ocrx_word' id='word_1_299' title='bbox 704 4136 870 4189; x_wconf 78' lang='lat' dir='ltr'><strong>commotae.</strong></span> <span class='ocrx_word' id='word_1_300' title='bbox 902 4128 1060 4185; x_wconf 84' lang='lat' dir='ltr'><strong>concitatae</strong></span> <span class='ocrx_word' id='word_1_301' title='bbox 1082 4134 1110 4183; x_wconf 92' lang='lat' dir='ltr'><strong>et</strong></span> <span class='ocrx_word' id='word_1_302' title='bbox 1130 4124 1303 4183; x_wconf 89' lang='lat' dir='ltr'><strong>vehementi.</strong></span> <span class='ocrx_word' id='word_1_303' title='bbox 1369 4204 1387 4219; x_wconf 27' lang='grc' dir='ltr'>δ</span> 
     </span>
    </p>
   </div>
   <div class='ocr_carea' id='block_1_12' title="bbox 0 0 1525 4675">
    <p class='ocr_par' dir='ltr' id='par_1_15' title="bbox 0 0 1525 4675">
     <span class='ocr_line' id='line_1_38' title="bbox 0 0 1525 4675; baseline 0 0"><span class='ocrx_word' id='word_1_304' title='bbox 0 0 1525 4675; x_wconf 95' lang='lat' dir='ltr'><strong> </strong></span> 
     </span>
    </p>
   </div>
  </div>
 </body>
</html>
