3034 4675
533 235 869 307 '-129-

300 416 376 475 Satis
397 423 473 474 vero'
487 412 610 473 difficilis
632 422 661 472 et
682 393 822 493 impedita
840 415 936 472 evenit
956 414 1138 486 constructio,
1171 414 1196 471 si
1217 412 1300 472 sub?

217 523 340 582 stantiva
368 529 436 580 sunt
463 521 581 594 nomina
608 521 741 599 propria,
778 521 818 577 ita
845 527 878 577 ut
907 520 1151 578 esententiarum
1172 538 1285 578 conexu

216 626 307 686 solum
333 625 462 703 intellegi
488 627 592 703 possit,
627 644 751 704 quocum
779 643 939 703 pronomen
966 623 1115 684 relativum
1150 627 1187 684 sit
1218 645 1285 684 con·

215 731 402 810 iungendum.
444 730 501 788 huc
528 732 558 788 in
587 731 687 808 prImis
715 731 783 787 facit
804 725 922 787 illustris
952 728 1001 787 ille
1022 729 1134 789 Musaei
1154 728 1233 788 locus
1254 732 1285 788 in

216 838 342 896 carmine
364 835 401 894 de
420 835 539 896 Herone
562 843 591 893 et
611 834 746 894 Leandro
765 855 791 893 v.
815 842 833 896 4
1275 912 1280 921 1

309 939 359 1001 καὶ
380 937 499 1019 Σηστὸν
520 939 570 999 καὶ
582 928 724 1017 Ἄβυδον,
747 938 806 1018 ὅπη
826 937 920 1020 γάμος
942 937 1060 1018 ἔννυχος
1078 932 1199 1020 Ἧρους,

216 1047 266 1107 ubi
289 1044 347 1124 ὅπη
368 1043 407 1103 ad
428 1047 554 1125 priorem
574 1065 674 1104 vocem
696 1043 815 1125 Σηστόν
839 1055 883 1104 est
903 1043 1101 1119 referendum,
1128 1045 1206 1124 quod
1226 1045 1285 1104 illic

216 1153 335 1229 virginis
357 1153 476 1230 nuptiae
497 1150 724 1210 celebrabantur.
759 1150 948 1211 Ludwichius
969 1153 993 1209 si
1015 1151 1091 1209 banc
1111 1150 1284 1222 liberiorem,

199 1255 268 1344 ,sed
289 1275 357 1316 vere
378 1259 520 1336 poeticam
541 1256 756 1315 collocationem
784 1255 989 1329 intellexisset,
1024 1258 1215 1315 coniecturam
1244 1265 1285 1315 ta·

218 1364 322 1421 suisset
337 1360 425 1434 illam,
443 1382 529 1441 quam
543 1362 652 1442 profert
667 1365 696 1420 in
711 1362 807 1420 annal.
823 1360 894 1441 phil.
915 1367 1003 1423 1876.
1026 1383 1055 1440 p.
1067 1367 1136 1425 751.
1151 1363 1286 1420 nimirum

217 1467 324 1528 nodum
339 1486 436 1527 secare
451 1487 537 1546 quam
552 1467 664 1526 solvere
678 1467 789 1525 maluit.
821 1468 902 1545 atqui
924 1485 990 1525 eum
1012 1464 1152 1526 dedocere
1173 1476 1286 1547 poterat

218 1573 402 1647 Schraderus,
427 1574 476 1651 qui
499 1592 558 1631 non
578 1571 670 1631 solum
692 1574 749 1630 iam
771 1580 849 1630 recte
869 1590 983 1630 versum
1003 1571 1211 1651 explicaverat,
1234 1572 1285 1630 sed

217 1682 303 1738 etiam
317 1698 434 1758 compar
447 1681 652 1757 geminumque
666 1676 787 1754 Vergilii
803 1676 966 1757 exemplum
981 1686 1196 1756 comparaverat
1210 1677 1284 1736 Aen.
1388 1738 1390 1742 Α

218 1789 262 1850 III
282 1791 346 1853 167γ
397 1845 400 1856 ,

677 1867 746 1930 diac
766 1866 941 1929 Dardanus
964 1877 1048 1928 ortas

303 1976 466 2056 Iasiusque
481 1984 585 2057 pater,
610 1993 703 2055 pertua
727 1995 747 2033 a
769 1993 828 2055 quo
845 1972 989 2056 princepe
1010 1985 1158 2047 nostrum,

216 2100 254 2161 ad
280 2100 358 2180 quod
386 2102 457 2158 scito
491 2096 607 2156 Servius
635 2097 755 2156 adnotat
792 2119 812 2158 a
841 2117 916 2181 quo,
947 2117 1009 2159 noa
1031 2098 1070 2160 ab
1100 2100 1203 2174 Iasio,
1234 2101 1288 2161 sed

217 2184 391 2279 Dardano,
424 2226 497 2265 uam
528 2203 678 2265 anteriori
703 2204 875 2285 respondet.
919 2205 1018 2282 itaque
1047 2201 1077 2261 id
1104 2204 1284 2280 vocabulum,

217 2307 296 2391 quod
317 2308 446 2390 pondere
468 2328 519 2369 suo
541 2308 702 2389 praevalet,
735 2310 858 2388 priorem
881 2306 992 2367 obtinet
1020 2308 1114 2368 locum
1143 2317 1231 2389 atque
1259 2312 1286 2369 ei

216 2436 376 2496 pronomen
401 2413 555 2474 relativum
586 2413 755 2494 applicatur.
810 2416 1018 2493 exspectaveris
1050 2416 1183 2489 fortasse,
1220 2436 1285 2475 cum

215 2522 353 2582 Musaeus
373 2521 487 2592 Nonni,
518 2538 693 2598 quamquam
718 2539 779 2577 non
800 2519 904 2592 solius,
935 2529 1032 2581 tamen
1054 2541 1140 2599 quam
1162 2524 1287 2580 maxime

217 2616 376 2687 orationem
398 2635 548 2704 artemque
569 2627 695 2683 imitatus
718 2627 769 2697 sit,
797 2623 876 2704 apud
897 2626 1034 2685 Nonnum
1056 2646 1173 2705 quoque
1193 2627 1286 2686 simile

217 2731 289 2813 quid
311 2733 449 2803 inveniri3
473 2740 569 2789 tamen
591 2732 621 2788 in
636 2726 721 2789 buids
737 2739 841 2809 poetae
855 2732 1096 2810 Dionysiacorum
1112 2731 1286 2791 carminibus

215 2838 290 2897 nihil
311 2839 434 2917 repperi,
458 2832 537 2914 quod
558 2832 596 2892 ad
618 2846 799 2913 praesentem
820 2855 934 2894 causam
949 2836 1109 2895 conducere
1130 2836 1284 2896 videretur.

216 2943 455 3021 circumspicienti
483 2949 578 3000 autem
609 2940 702 2999 locum
724 2940 850 3019 aliquem
874 2959 891 2998 e
918 2941 1003 3000 simili
1025 2961 1131 3019 genere
1153 2945 1284 3021 petitum,

205 3062 303 3128 'quem
331 3047 483 3105 Musaeum
512 3048 542 3105 in
571 3044 735 3124 exemplum
765 3045 820 3105 sibi
849 3048 1004 3124 sumpsisse
1032 3050 1170 3127 suspicari
1191 3047 1284 3121 liceat,

206 3168 281 3212 'sese
299 3152 421 3211 offerunt
443 3150 543 3210 Iliadis
563 3170 663 3209 versus
684 3150 716 3208 Π
740 3156 799 3211 870
823 3170 887 3228 sqq.

223 3264 225 3273 '
301 3262 361 3315 τῶν
382 3251 437 3333 μὲν
459 3249 508 3335 ἄρ’
526 3249 716 3335 Ἀμφίμαχος
737 3251 787 3311 καὶ
810 3250 934 3331 Νάστης
954 3251 1151 3332 ἡγησάσθην,’

303 3360 427 3438 Νάστης
444 3355 636 3439 Ἀμφίμαχός
657 3379 700 3434 τε,
723 3357 873 3436 Νομίονος
894 3356 994 3440 ἀγλαὰ
1015 3355 1113 3434 τέκνα,

303 3464 335 3536 ὃς
356 3464 405 3523 καὶ
426 3462 540 3544 χρυσὸν
562 3460 636 3543 ἔχων
657 3459 823 3540 πολεμόνδ’
848 3460 900 3539 ἴεν,
923 3463 994 3541 ἠύτε
1019 3463 1120 3546 κούρη.

216 3603 390 3663 quamquam
412 3582 470 3642 duo
499 3582 549 3641 illa
569 3585 687 3642 nomina
708 3584 840 3663 propria,
870 3585 975 3642 Nastes
998 3592 1027 3641 et
1047 3577 1290 3664 Amphimachus,

217 3788 373 3836 quamquam
391 3774 442 3822 hoc
466 3773 600 3835 aliquanto
626 3772 719 3821 lenius.
759 3775 804 3821 sed
827 3772 1015 3821 dubitationem
1032 3772 1108 3822 inicit
1130 3772 1171 3822 ‘ad
1190 3771 1284 3836 quam’,

217 3863 286 3923 quod
302 3874 393 3910 vereor
404 3869 513 3911 utrecte
531 3863 632 3911 dicatur
640 3876 688 3924 pro
700 3861 735 3909 ‘in
748 3858 808 3923 qna'
825 3860 867 3924 (cf.
880 3876 904 3909 v.
922 3859 986 3922 tac).
1004 3870 1139 3923 praetcrea
1156 3863 1285 3911 sententia

107 3964 112 3989 t
217 3948 299 4011 ‘isque
329 3951 402 3998 dedit
430 3947 571 4000 dominam’
601 3966 641 4000 me
667 3958 769 4013 movet,
807 3964 840 3998 ne
866 3951 953 3999 locum
980 3951 1159 4013 incorruptum
1187 3957 1283 4013 putem,

217 4038 400 4088 Froehlichius
424 4037 559 4105 proposuit
577 4031 713 4086 ‘dominae'
732 4045 759 4086 et
778 4037 925 4089 Schoellins
943 4040 1013 4087 haud
1032 4039 1100 4087 male
1120 4040 1284 4088 scribendum

217 4140 274 4175 esse
298 4127 410 4176 coniecit
427 4125 465 4176 ‘ut
482 4121 564 4175 clam'.

269 4217 364 4266 Boldt,
379 4217 471 4260 Dissert.
1115 4213 1130 4261 9
