3034 4675
643 281 877 369 453-

237 471 475 556 anastrophieam,
498 473 550 533 ubi
570 477 702 551 graviora
723 474 812 534 verba
833 476 1002 554 interposita
1017 482 1092 548 sant,
1114 472 1305 547 abiudicavit3

235 591 332 642 tamen
367 583 423 639 nisi
455 599 507 660 per
536 581 640 638 tmesin
673 557 819 660 explicari
839 600 898 639 non
931 599 1014 659 posse
1042 578 1178 638 videntur
1208 599 1308 638 versus

234 689 337 767 Eurip.
362 688 433 746 Her.
459 690 520 748 504

386 819 603 904 Ἀγαμέμνονος
624 822 812 907 πέμψαντος,
836 814 860 882 ὦ
881 822 976 903 γύναι,
999 821 1076 902 μέτα

239 964 287 1044 (ef.
311 963 625 1044 Τ.,11101111111111111111.
649 983 673 1022 o.
696 986 725 1043 p.
754 963 804 1043 17)
827 972 856 1022 et
876 963 967 1043 Sopb.
991 962 1067 1020 Phil.
1094 966 1152 1022 343

417 1095 540 1180 ,ἦλθόν
561 1124 598 1179 με
620 1065 667 1181 val
689 1098 904 1183 norattooidlar
925 1098 1012 1177 μέτα.

236 1244 267 1299 ln
290 1240 466 1300 Graecorum
487 1238 614 1319 pedestri
637 1242 766 1298 oratione
788 1240 885 1297 tmesis
906 1239 1023 1295 omnino
1045 1238 1189 1295 rarissime
1210 1256 1307 1294 occur·

236 1351 289 1421 rit3
328 1344 491 1404 Herodotus
513 1345 629 1432 quidem
653 1365 716 1404 eam
738 1347 851 1424 saepius
872 1344 1029 1422 usurpavit,
1063 1343 1098 1400 of.
1122 1343 1306 1419 Kruegerum

236 1456 267 1514 ΙΙ
290 1458 339 1523 68,
364 1459 413 1525 47,
443 1459 537 1526 1—43
574 1450 663 1509 Attici
684 1459 781 1511 autem
802 1452 954 1529 scriptores
976 1448 1051 1505 hane
1071 1437 1192 1525 figu'ram
1214 1467 1308 1527 paene

237 1561 386 1635 ignorant3
409 1555 476 1615 vide
493 1565 590 1614 tamen
604 1556 788 1633 Kruegeram
810 1562 825 1618 Ι
843 1560 892 1629 42,
918 1562 945 1627 5,
974 1560 1069 1629 1-33
1093 1562 1122 1612 et
1135 1553 1170 1611 el.
1186 1552 1305 1610 Lucian.

236 1661 300 1722 adv.
328 1660 435 1725 indoet,
470 1668 483 1722 1
516 1661 551 1720 τὸ
572 1659 607 1721 δέ
626 1681 672 1722 σοι
695 1661 761 1743 περὶ
791 1657 873 1719 κάτω
898 1665 1007 1741 χωρεῖ,
1045 1658 1082 1719 de
1103 1658 1158 1716 dea
1180 1657 1246 1736 Syr.
1268 1662 1307 1717 48

235 1767 293 1828 ἀνά
313 1789 344 1827 τε
367 1766 428 1825 aaa
451 1765 504 1825 τὸν
525 1764 645 1845 δεσμόν.

320 1891 362 1950 Vt
383 1910 420 1948 ex
443 1892 492 1961 eis,
524 1909 598 1969 qaae
623 1890 773 1968 hueusque
795 1890 987 1968 exposuimus,
1011 1887 1113 1960 elucet,
1142 1889 1173 1945 in'
1195 1886 1307 1945 Graeca

234 1996 335 2073 lingua
363 1996 460 2053 tmesis
489 2003 599 2054 tantum
626 1994 664 2053 ad
686 1997 912 2074 praepositiones
941 1992 1068 2052 averbo
1090 2012 1141 2051 suo
1164 1994 1307 2050 seiunctas

236 2104 376 2182 pertinet,
407 2100 528 2158 ethaeo
557 2099 673 2179 quidem
694 2099 788 2177 figura
811 2103 1013 2178 inposterum
1033 2098 1207 2157 carminibus
1227 2094 1306 2155 haud

235 2227 300 2265 raro
327 2208 481 2268 invenitur.
521 2204 599 2285 apud
620 2215 720 2285 poetas
748 2205 868 2264 Latinos
890 2205 966 2265 idem
988 2225 1078 2282 genus
1099 2204 1307 2263 multominus

238 2322 280 2372 est
309 2313 539 2392 frequentatum,
571 2331 745 2392 quamquam
775 2314 807 2371 in
827 2314 921 2392 prisea
942 2312 1100 2371 Latinitate
1127 2310 1241 2390 saepius
1263 2326 1306 2366 re-

237 2422 363 2499 peritur,
398 2438 485 2497 quam
514 2420 545 2475 in
573 2400 750 2477 cultissimae
771 2421 873 2477 aetatis
894 2420 1047 2497 poematis3
1083 2419 1208 2475 maxime
1230 2417 1305 2474 enim

236 2524 295 2583 illio
316 2526 400 2583 metri
424 2522 572 2583 commodo
594 2527 691 2584 tmesis
719 2526 857 2583 inservire
877 2522 1001 2586 videtur.
1044 2524 1080 2580 of.
1102 2522 1198 2580 Plaut.
1222 2521 1305 2580 Cure.

236 2635 291 2702 11,
313 2633 350 2690 85
369 2629 398 2691 si
412 2629 486 2711 qaid
505 2652 602 2714 supra
623 2630 670 2693 illi
680 2630 791 2713 ficerat,
819 2631 901 2689 Trin.
918 2633 960 2692 IV
979 2637 1003 2701 1,
1023 2635 1070 2701 14,
1094 2626 1307 2690 distraat'ssent

236 2735 340 2818 disque
363 2734 509 2809 tulissent,
532 2734 731 2793 Ennii'annal.
747 2736 801 2812 frg.
820 2744 838 2798 4
862 2755 879 2793 e
898 2736 974 2794 libro
988 2734 1068 2792 XIII
1083 2755 1111 2813 p.
1129 2737 1167 2793 56
1180 2728 1305 2788 Vahlen.

389 2876 528 2939 Annibal
549 2877 662 2939 audaci
680 2900 748 2940 111111
767 2888 888 2961 pectore
911 2880 948 2940 de
968 2898 1015 2939 me
1037 2877 1178 2939 1101111111
1232 2942 1239 2949 Χ

389 3002 425 3043 aa
448 2981 557 3043 bellam
577 2982 702 3062 faciam,
1137 2984 1141 2991 '

235 3120 328 3187 Lucil.
351 3121 405 3198 frg.
428 3141 457 3200 p.
485 3128 541 3182 100
565 3140 592 3179 v.
616 3126 685 3182 916·
700 3120 833 3180 editionis
854 3123 1105 3181 Lachmannianae

388 3244 524 3305 iuratam
546 3264 576 3305 se
598 3243 661 3321 ani,
681 3244 734 3330 oui
755 3244 794 3306 sit
815 3245 889 3306 data
910 3246 1003 3327 daque
1025 3244 1135 3306 dicata.

236 3365 297 3423 huo
316 3367 403 3424 etiam
423 3366 499 3438 facit,
523 3364 602 3444 quod
616 3367 720 3425 Festus
736 3366 778 3447 (p.
800 3373 858 3429 309
874 3364 1011 3447 Mueller)
1033 3363 1152 3424 tradidit
1172 3363 1229 3426 aab
1251 3383 1304 3425 vos

232 3471 325 3554 placo
355 3472 385 3528 in
413 3470 546 3550 precibus
575 3472 642 3531 olim
673 3470 780 3530 dietim
809 3492 871 3531 esse
899 3492 951 3553 pro
982 3479 1041 3532 ‘vos
1069 3471 1219 3553 supplioo‘,
1248 3469 1304 3530 ‚ubi

235 3577 408 3656 praepositio
435 3585 566 3656 separata
578 3580 728 3656 pristinam
743 3577 873 3638 adverbii
886 3587 1018 3636 naturam
1033 3585 1158 3657 ostentat
1178 3585 1208 3634 et
1228 3574 1304 3634 idem

235 3680 308 3740 illud
330 3680 456 3741 studium
485 3685 516 3740 in
537 3683 736 3743 obtestationis
765 3684 894 3742 formulis
914 3684 1096 3744 observatum
1125 3685 1306 3761 cognoscitur

236 3789 267 3845 in
295 3786 398 3864 grandi
425 3806 532 3864 genere
559 3787 697 3868 loquendi
725 3792 967 3869 praepositionem
995 3791 1145 3849 seiunctim
1166 3786 1302 3868 ponendi.

236 3901 386 3971 praeterea
407 3893 442 3951 ef.
466 3893 537 3951 Hor.
560 3902 613 3958 sat.
636 3895 651 3952 I
678 3901 703 3967 1,
728 3899 767 3955 86

440 4038 509 4077 eam
527 4027 560 4078 ta
582 4026 707 4098 arpenta
725 4027 799 4100 post
822 4018 924 4081 omnia
939 4039 1050 4101 ponas,

235 4157 293 4215 quo
323 4137 386 4197 loeo
416 4141 575 4197 sententiae
605 4140 648 4196 vis
677 4142 802 4197 maxime
829 4142 860 4198 in
891 4143 1101 4220 praepositione
1129 4141 1223 4219 posita
1250 4149 1303 4202 est.
