3034 4675
660 286 870 351 -47-

225 460 279 511 est.
324 451 506 512 adscribendi
533 464 628 514 autem
657 465 724 516 suut
745 477 844 517 versus
866 469 969 539 poetae
989 460 1075 520 alicui
1097 462 1297 522 Alexandrino

226 556 275 616 vel
295 556 557 619 Alexandrinorum
585 560 725 634 asseclae,
754 566 805 641 qui
826 564 913 622 talem
935 543 1075 624 sermonis
1094 566 1296 627 obscuritatem

225 660 293 721 data
316 683 403 743 opera
424 662 540 723 admisit
550 664 585 745 1).

264 805 269 812 ,
314 769 360 827 Ex
381 771 529 846 Augustae
549 772 650 829 acutis
672 774 751 851 poesi
768 772 874 830 Latina
894 773 1055 853 complures
1076 776 1131 834 loci
1153 776 1210 835 buc
1230 797 1296 838 cun·

226 875 355 934 veniunt.
392 877 433 932 sic
447 872 526 954 apud
543 876 693 934 Horatium
715 877 790 935 inter
803 881 1043 958 praepositionem
1060 889 1088 938 ct
1104 885 1295 943 accusativum

225 980 351 1038 nominis
372 999 531 1059 pronomen
554 980 600 1039 ‘te‘
625 982 825 1059 interpositum
846 982 936 1041 babes
957 1003 1042 1044 carm.
1068 990 1110 1049 IV
1138 996 1161 1059 1,
1189 995 1224 1050 19

312 1188 333 1252 1)
351 1191 462 1240 Videtur
479 1191 543 1240 mihi
560 1193 688 1242 lectorum
707 1195 878 1245 commoditas
898 1209 930 1243 eo
945 1210 1000 1244 esse
1019 1195 1175 1260 adiuvanda,
1195 1208 1224 1249 ut
1241 1202 1295 1263 epi·

224 1292 357 1342 gramma,
375 1281 524 1343 priusquam
541 1282 574 1329 de
592 1295 623 1330 eo
641 1283 775 1344 disputare
794 1296 915 1346 pergam,
936 1284 973 1333 ita
991 1286 1034 1334 hic
1053 1302 1197 1349 apponam,
1215 1298 1245 1338 ut
1261 1306 1295 1339 cx

223 1368 318 1417 codice
340 1369 368 1417 id
387 1370 525 1418 Gramerus
545 1372 671 1420 exaravit.

327 1454 418 1508 Εἶπεν
431 1450 516 1525 Ἔρως
531 1454 580 1509 τὸν
596 1454 685 1510 καλὸν
703 1457 773 1511 idaia
790 1495 797 1510 .
815 1493 823 1509 .
842 1495 848 1510 .
867 1464 998 1529 ωρίσκον·

379 1545 534 1618 δωροῦμαι,
550 1543 586 1599 τὰ
604 1542 629 1598 δ’
651 1544 704 1616 ἐμοὶ
722 1543 788 1606 τόξα
806 1564 849 1601 σοι
867 1552 914 1600 καὶ
933 1552 1090 1620 φαρέτρην·

328 1633 474 1706 δωροῦμαι
491 1637 539 1686 καὶ
557 1630 662 1699 πτηνὸν
681 1673 686 1687 .
706 1673 713 1687 .
732 1674 738 1687 .
759 1633 827 1703 ἄγε
840 1639 936 1702 χείλεα

374 1725 470 1791 χεῖλος
488 1720 557 1792 ἐμὸν
576 1728 662 1790 θείης,
681 1719 807 1789 λάμβανε
825 1728 871 1776 καὶ
890 1729 1024 1794 πτέρυγα.

221 1812 247 1860 si
265 1811 358 1862 Fixius
378 1822 449 1864 recte
469 1829 493 1865 v.
517 1816 527 1865 l
553 1811 687 1866 Mulcaou
708 1815 835 1876 restituit,
862 1817 933 1877 quod
952 1828 1000 1878 ego
1017 1816 1122 1877 quidem
1140 1831 1293 1879 persuasum

223 1901 315 1967 habeo,
333 1911 432 1954 certum
450 1906 504 1954 iere
523 1912 562 1954 est
573 1905 736 1966 Meleagrum
750 1904 944 1967 epigrammatis
961 1905 1041 1953 fuisse
1059 1915 1199 1970 auctorem,
1220 1908 1293 1956 cuius

224 1989 251 2038 in
272 1993 429 2042 carminibus
453 1994 503 2043 hoc
523 1995 598 2058 pueri
623 2008 719 2043 nomeu
743 1993 842 2058 passim
866 1993 992 2055 occurrit3
1023 1992 1055 2043 ci.
1074 1996 1146 2045 autb.
1165 1996 1219 2046 Pal.
1239 1996 1294 2045 XII
1355 2048 1357 2051 ,

225 2078 283 2139 144,
303 2080 360 2142 159,
381 2082 437 2134 167.
458 2084 491 2132 de
510 2097 587 2132 versu
604 2083 680 2132 tertio
698 2083 818 2145 quamvis
835 2082 954 2131 dubitare
973 2081 1059 2145 liccat,
1078 2090 1166 2132 tamen
1183 2092 1294 2134 venusta

221 2174 251 2215 et
273 2170 340 2218 scita
358 2179 397 2220 est
413 2172 486 2221 Fixii
511 2173 660 2221 coniectura
682 2185 768 2233 neque
788 2177 955 2234 argumenta,
981 2170 1075 2232 quibus
1093 2170 1212 2220 Piccolos
1229 2187 1292 2222 usus

221 2263 275 2318 ast,
300 2272 356 2307 eam
380 2260 539 2312 labefactare
560 2265 677 2324 possunt.
715 2261 786 2321 quod
811 2266 898 2308 autem
924 2260 980 2325 ipse
1004 2259 1093 2308 nescio
1117 2274 1170 2321 quo
1190 2263 1291 2310 somnio

220 2348 382 2410 excogitavit

324 2435 469 2508 δωροῦμαι
486 2440 534 2489 καὶ
552 2436 659 2501 πτηνὸν
677 2433 787 2500 ἀοιδὸν,
806 2432 848 2507 ἐφ’
870 2423 892 2501 ᾧ
912 2433 948 2488 σοί
967 2452 999 2504 γε
1015 2436 1109 2503 χείλεα

372 2521 471 2594 χείλεδ
494 2526 573 2597 ἐμοῖς
590 2523 689 2598 δήσῃς·
710 2522 835 2598 λάμβανε
853 2525 899 2578 καὶ
917 2527 1052 2592 πτέρυγα,

219 2647 331 2695 quorum
354 2635 491 2685 verborum
517 2637 586 2686 hanc
611 2651 668 2686 esse
691 2636 849 2685 seutentiam
872 2636 936 2684 dicit
959 2631 993 2698 ‘je
1011 2642 1036 2684 te
1054 2637 1141 2683 donne
1160 2637 1231 2684 aussi
1250 2645 1292 2686 cet

218 2723 310 2772 oiseau
335 2726 475 2787 chantem,
498 2726 514 2773 a
537 2725 687 2786 condition,
714 2739 765 2787 que
790 2732 818 2772 tu
842 2724 1008 2787 appliqueras
1031 2732 1070 2773 tes
1088 2723 1171 2773 levres
1190 2740 1234 2773 sur
1251 2727 1290 2775 les

220 2811 352 2872 iniennes3
378 2819 406 2862 tu
424 2828 494 2876 peux
513 2814 597 2863 meme
615 2828 683 2878 pour
699 2813 819 2876 garantia
835 2813 903 2863 tenir
921 2827 971 2862 une
986 2815 1031 2862 des
1045 2813 1128 2875 ailes’,
1146 2814 1292 2876 approbent

217 2900 264 2961 qui
292 2900 450 2950 mirabilibus
477 2903 648 2953 delectantur.
690 2918 750 2952 nam
780 2909 883 2965 praeter
911 2902 1047 2951 elisionem
1068 2902 1174 2956 ,litterae
1205 2903 1232 2951 iu
1264 2918 1289 2953 v·

218 2996 350 3049 extremo,
379 3006 457 3055 quam
487 2993 515 3040 hi
541 2999 634 3053 poetae
659 3007 713 3040 nou
740 2993 917 3053 admiserunt,
947 2999 973 3039 et
1000 3003 1133 3039 caesuram
1161 2991 1288 3053 ingratam

217 3092 308 3127 versus
324 3080 348 3138 3,
367 3081 494 3130 sententia
514 3082 572 3143 ipsa
591 3089 631 3129 est
649 3080 745 3143 inepta,
765 3089 796 3129 ut
813 3080 929 3143 longiore
947 3080 1103 3128 refutatione
1120 3083 1289 3141 supersedere

217 3169 324 3230 possim.
356 3169 377 3217 si
402 3171 459 3230 quis
482 3170 509 3219 in
527 3166 597 3218 Fixii
617 3171 745 3233 scriptura
767 3172 885 3231 offendit,
904 3171 974 3231 quod
993 3168 1044 3220 ἐπί
1060 3182 1118 3218 cum
1137 3170 1287 3217 accusativo

216 3258 385 3306 coniunctum
408 3266 462 3318 est,
483 3259 527 3310 ubi
550 3259 654 3308 dativus
675 3267 715 3308 est
731 3259 865 3320 usitatior,
888 3258 1007 3307 similiter
1025 3258 1203 3307 accusativum
1228 3272 1287 3307 cum

217 3347 410 3413 praepositione
444 3347 492 3398 int
519 3351 588 3411 apud
619 3349 771 3411 quiescendi
806 3346 884 3395 verba
912 3346 1023 3395 inveniri
1051 3353 1160 3409 reputet
1207 3361 1287 3395 unum

216 3434 283 3485 illud
304 3431 386 3504 ίμόι,
412 3437 531 3500 proxime
555 3439 724 3499 antecedente
745 3430 811 3506 ἐμά,
836 3436 864 3484 in
882 3443 959 3498 poeta
977 3435 1132 3500 politissima
1158 3436 1288 3501 displicet,

214 3531 294 3587 atque
320 3540 380 3574 cum
405 3526 501 3574 lacuna
525 3527 560 3575 ait
584 3527 611 3574 in
635 3525 741 3590 codice,
769 3530 884 3589 praestat
912 3525 1021 3573 sortasse
1050 3524 1183 3588 supplere,
1215 3524 1286 3586 quod

216 3614 341 3677 Diltheyo
375 3615 403 3663 in
433 3621 545 3663 mentem
571 3616 657 3676 venit,
687 3614 759 3666 ἰδοῦ.
802 3628 892 3663 verum
918 3621 1005 3662 tamen
1030 3613 1181 3663 dubitanter
1206 3616 1285 3663 modo

215 3703 286 3752 Fixii
305 3704 439 3752 inventum
457 3711 497 3753 est
514 3704 705 3769 accipiendum3
723 3704 918 3766 praetulerunt,
943 3705 1013 3765 quod
1030 3718 1084 3751 non
1109 3701 1204 3764 silebo,
1230 3698 1284 3752 tat

211 3794 319 3859 χείλεσι
342 3792 437 3857 χείλεα
462 3795 545 3843 θεῖσα
568 3801 594 3841 et
611 3793 675 3860 περὶ
699 3794 806 3856 χείλεσι
823 3793 920 3857 χείλεα
943 3794 1039 3853 θεῖσα,
1068 3791 1091 3840 si
1114 3790 1178 3838 fides
1200 3790 1285 3838 codici

214 3891 268 3946 est,
292 3882 425 3945 Meleager
450 3882 522 3932 autb
548 3881 605 3930 Pal.
626 3881 665 3930 VI
691 3883 736 3933 171
758 3891 784 3931 et
806 3881 957 3931 Gaetulicus
982 3882 1020 3930 XI
1040 3881 1100 3943 409,
1124 3893 1182 3928 cum
1205 3878 1284 3927 etiam

216 3966 271 4022 ὑπὸ
298 3972 339 4020 vel
370 3974 434 4041 περὶ
460 3972 556 4036 χείλεα
581 3972 686 4035 χείλεσι
709 3973 791 4020 θεῖσα
815 3971 902 4020 dicere
925 3970 1077 4034 potuissent
1115 3970 1159 4017 sed
1184 3969 1212 4017 in
1231 3968 1283 4017 hoc

212 4061 398 4124 epigrammate
419 4061 490 4109 iusto
513 4062 569 4110 iure
593 4074 609 4108 a
629 4059 802 4108 coniectando
821 4059 1020 4114 abstinebimus,
1040 4060 1123 4106 donec
1141 4057 1282 4118 aliquando

211 4150 359 4199 accuratior
376 4150 474 4200 codicis
491 4150 583 4199 notitia
601 4149 650 4198 erit
666 4148 808 4209 divulgata.
