3034 4675
651 221 888 286 -176—

236 394 281 453 his
303 391 417 453 duobus
438 411 475 451 ex
497 395 660 453 coniectura
681 392 834 452 Vahlenus
854 415 883 474 p.
904 397 940 455 13
963 413 1006 472 sq.
1030 392 1196 472 exemplum
1216 393 1306 451 Enni·

235 518 323 558 anum
351 497 472 571 adiecit,
501 518 566 558 cum
595 518 711 558 versum
738 498 838 558 Aiacis
874 497 1040 576 tragoediae
1069 497 1169 580 (Ribb.
1198 520 1227 578 p.
1252 496 1307 579 64)

234 603 312 663 hunc
333 605 365 662 in
385 602 501 662 modum
523 605 648 663 restituit

364 721 490 806 aliquod
509 722 608 786 lumea
621 758 660 770 -
677 722 828 787 labarae?
848 758 887 769 -
908 723 941 786 ia
963 723 1044 786 caelo
1067 743 1167 789 ccmo.

234 857 328 918 simile
349 859 527 938 interruptas
548 860 769 918 constructionis
789 878 890 936 genus,
906 868 939 918 ut
953 858 1031 939 apud
1045 858 1164 937 linguae
1178 857 1307 919 Graecae

233 965 394 1043 scriptores,
417 964 458 1022 ita
480 966 567 1024 etiam
587 963 667 1044 apud
686 972 788 1044 poetae
802 964 922 1026 Latinos
944 967 974 1024 in
996 965 1173 1045 imperativis
1194 962 1307 1024 mediae
1411 951 1412 954 ¹
1507 1001 1509 1022 .

235 1070 356 1128 orationi
378 1071 535 1129 interiectis
558 1072 711 1129 invenitur.
749 1069 801 1129 sed
823 1089 898 1149 quae
919 1079 987 1130 sunt
1008 1069 1147 1149 vulgara,
1170 1077 1201 1129 ut
1215 1069 1307 1147 Verg.

234 1175 309 1234 Aen.
339 1172 387 1232 XI
417 1178 477 1235 316
509 1183 538 1233 et
564 1175 684 1248 similia,
713 1195 732 1234 a
754 1176 873 1236 consilio
894 1194 960 1235 meo
981 1175 1077 1235 aliana
1097 1183 1183 1255 put03
1206 1174 1305 1254 aliquo

234 1275 321 1348 modo
350 1288 447 1338 autem
476 1279 653 1339 artificiosius
682 1291 848 1361 comparata
868 1293 935 1341 sunt
964 1281 1022 1341 duo
1051 1279 1199 1360 exempla,
1232 1299 1308 1359 quae

234 1383 387 1444 Vahlenus
415 1406 445 1464 p.
472 1389 507 1444 16
537 1403 580 1463 sq.
610 1385 715 1445 studit
761 1406 779 1445 e
806 1384 912 1467 quihus
941 1406 1031 1445 unum
1064 1395 1145 1445 extat
1176 1388 1207 1443 in
1234 1386 1329 1444 Ver-'

236 1489 299 1566 gilii
320 1487 452 1547 Aeneide
473 1488 550 1548 VIII
574 1494 612 1551 39
636 1510 679 1569 sq.

360 1606 408 1670 lic
428 1607 489 1671 tibi,
507 1619 590 1672 certa
608 1611 726 1685 domuc,
749 1610 833 1685 carli,
854 1632 891 1674 ue
912 1611 1033 1684 absiste,
1052 1621 1191 1694 penates,

361 1733 419 1776 neu
442 1712 513 1776 belli
533 1723 646 1775 terrere
667 1714 777 1784 minio,-

235 1834 287 1894 ubi
310 1837 499 1915 imperativus
532 1842 579 1895 ‘ne
608 1835 735 1908 absiste,
766 1857 944 1917 quamquam
969 1838 1007 1898 ab
1035 1838 1127 1898 altero
1151 1844 1217 1897 ‘neu
1238 1837 1309 1897 belli

234 1949 341 1999 terrere
370 1939 463 2000 minis‘
495 1940 647 2000 verborum
679 1942 868 2004 collocatione
894 1942 1084 2022 disiungitur,
1118 1952 1215 2002 tamen
1246 1952 1309 2003 arte

233 2064 298 2105 cum
328 2064 362 2105 eo
390 2045 608 2123 coniungendas
637 2056 696 2119 est,
719 2046 799 2126 quod
829 2050 916 2107 ctiam
945 2047 1088 2129 particula
1110 2049 1184 2109 ‘neu’
1208 2057 1309 2128 aperte

235 2149 371 2213 declarat.
414 2158 503 2231 atque
534 2154 597 2231 pari
625 2153 797 2214 artificiosae
830 2154 1027 2214 collocationis
1057 2172 1164 2231 genere
1195 2154 1310 2230 insigne

237 2264 280 2315 est
301 2256 392 2334 Ennii
413 2256 604 2334 fragmentum
626 2276 663 2315 ax
684 2258 838 2339 Iphigenia
859 2268 1003 2319 servatum
1028 2257 1070 2340 (p.
1096 2265 1134 2321 39
1157 2256 1258 2340 Ribb.)
1316 2295 1326 2341 3

465 2379 605 2460 proceda
625 2379 758 2460 pradum
775 2382 921 2462 proferre
937 2381 1065 2462 pedum,

467 2482 571 2556 nitere,
591 2502 690 2545 osseos
711 2506 728 2546 o
749 2482 833 2561 fide?
1052 2494 1055 2499 ⁴

235 2635 304 2674 nam
323 2624 400 2675 certe
421 2618 558 2675 maiorem
579 2625 683 2697 poetae
702 2617 892 2695 elegantiam,
915 2627 948 2676 ut
964 2620 1005 2677 ait
1026 2617 1192 2691 Vahlenus,
1221 2617 1308 2676 relin-

236 2739 366 2800 quemus,
391 2710 415 2780 si
434 2721 553 2780 Festum
575 2725 665 2780 secuti
687 2722 848 2782 naturalem
862 2723 1018 2783 verborum
1039 2722 1169 2783 ordinem
1191 2725 1231 2782 ita
1252 2721 1307 2781 sol·

235 2828 360 2885 verimus
397 2825 545 2906 procede,
586 2829 694 2899 uitare,
727 2826 849 2904 madum
882 2829 1011 2909 proferre
1042 2828 1148 2908 pedum
1180 2826 1305 2887 cessasl’

237 2929 338 2990 eodem
360 2931 553 2991 revocandum
575 2941 619 2992 eet
641 2932 835 2992 Catullianum
857 2932 930 2993 illud
956 2941 1002 3005 14,
1028 2938 1063 2993 21

525 3072 578 3114 vos
599 3051 668 3114 laiac
690 3052 815 3127 interea,
838 3053 940 3133 valete,
962 3051 1042 3113 abile

526 3157 605 3222 illuc.

238 3272 343 3332 deinde
364 3275 421 3334 huc
444 3285 575 3356 spectant
596 3276 757 3356 complures
779 3277 835 3336 loci
852 3279 1040 3357 epriscorum
1054 3285 1204 3357 poetarum
1218 3277 1308 3335 sceni-

237 3397 333 3438 corum
354 3383 510 3460 poematis,
540 3385 589 3458 qui
617 3401 716 3441 omnes
744 3402 850 3459 magna
878 3380 1066 3441 similitudine
1094 3384 1170 3440 inter
1191 3400 1223 3440 se
1242 3390 1311 3441 sunt

237 3486 360 3562 cognati.
404 3488 503 3566 itaque
524 3489 559 3546 cf.
583 3487 677 3546 Plaut.
702 3487 770 3553 Aul.
794 3487 824 3545 H
846 3493 873 3560 3,
900 3494 918 3548 4
941 3507 984 3566 sq.
1079 3536 1091 3567 s

737 3607 821 3681 laeua,
845 3604 999 3690 Slaplple‚
1022 3616 1049 3667 le
1070 3625 1155 3680 υοοο,

291 3709 399 3803 ecquid
420 3707 532 3773 audis?
557 3712 681 3775 vascula
703 3711 784 3773 iulus
800 3732 883 3795 pure
903 3732 1044 3796 propera
1066 3721 1154 3795 atque
1176 3710 1246 3772 elue.

237 3847 370 3925 proxime
397 3845 485 3904 verba
513 3847 554 3904 ita
585 3855 652 3906 sunt
681 3844 884 3923 coniungenda
915 3855 1047 3927 ‘propera
1071 3856 1159 3925 atque
1192 3843 1309 3904 vascula

238 3952 315 4008 intus
336 3969 409 4029 pure
430 3951 514 4009 elue’.
562 3950 627 4011 vide
652 3952 842 4012 Riteohelium
871 3956 902 4012 in
923 3955 1007 4014 Neue
1028 3952 1155 4013 Plautin.
1177 3952 1308 4021 Excurse

238 4076 266 4133 p.
282 4062 320 4116 59
336 4065 396 4114 not.
415 4065 439 4119 l.
470 4056 549 4135 quod
570 4066 655 4136 poeta
677 4057 830 4117 verborum
852 4058 980 4120 ordinem
1003 4059 1137 4132 turbavit,
1161 4060 1309 4139 aptissime
