3034 4675
1337 284 1757 366 —91-

476 465 541 518 et
585 474 714 516 cum
754 462 957 532 aperto
1000 457 1243 517 consilio
1290 445 1540 517 orationi
1586 458 1924 531 dignitatem
1974 465 2034 517 et
2078 462 2325 532 gratiam
2368 461 2617 536 parandi

474 563 624 622 tales
682 562 991 645 verborum
1046 563 1379 636 implicatae
1437 564 1846 623 collocationes
1904 563 1964 620 in
2029 566 2188 636 poesi
2245 566 2431 640 lyrica
2490 582 2615 626 sese

475 667 742 727 offerunt.
805 684 1095 742 apponam
1140 668 1361 741 aliquot
1406 669 1691 743 exempla,
1745 667 1971 743 quibus,
2003 670 2102 741 qui
2146 671 2403 731 eruditas
2447 687 2615 730 aures
2688 678 2692 683 ’

475 779 538 832 et
583 774 810 833 venusti
864 773 1142 833 iudicium
1185 774 1402 833 habent
1420 762 1445 848 ,’
1497 773 1763 847 protinus
1805 774 2130 848 percipient
2174 776 2495 851 elegantem
2558 784 2619 836 et

475 876 869 954 artificiosam,
918 896 1250 953 expressam
1283 896 1351 939 ac
1382 876 1801 951 significantem
1830 877 2364 941 conformationem.
2419 882 2615 954 itaque

479 982 556 1044 cf.
607 984 779 1045 Pind.
820 983 992 1044 Nem.
1038 984 1126 1042 IX
1171 984 1250 1043 48

723 1088 729 1092 ’
1399 1083 1695 1162 νεοθαλὴς
1735 1080 1791 1143 δ’
1835 1083 2074 1156 αὔξεται

972 1190 1270 1273 μαλθακᾷ
1314 1188 1633 1271 νικαφορία
1677 1190 1787 1249 σὺν
1829 1188 2023 1275 ἀοιδᾷ,

478 1298 650 1372 Pyth.
697 1298 784 1357 IX
831 1297 863 1357 1
913 1305 1037 1371 sqq.

970 1394 1164 1457 ἐθέλω
1200 1395 1589 1475 χαλκάσπιδα
1626 1397 2013 1461 Πυθιονίκαν

969 1504 1080 1563 σὺν
1119 1500 1569 1579 βαθυζώνοισιν
1614 1502 1872 1585 ἀγγέλων

976 1606 1378 1690 Τελεσικράτη
1415 1608 1729 1689 χαρίτεσσι
1769 1614 2061 1690 γεγωνεῖν,

475 1719 568 1781 Ol.
616 1720 706 1778 III
744 1720 825 1779 34
870 1735 1014 1792 sqq„
1062 1719 1274 1779 Aesch.
1326 1718 1487 1792 Sept.
1540 1718 1662 1778 130
1707 1736 1793 1792 sq.

782 1820 886 1879 τὸν
930 1817 1328 1901 ἀμφίζευκτον
1372 1816 1701 1897 ἐξαμείψας
1743 1800 2090 1901 ἀμφοτέρας
2134 1816 2300 1879 ἅλιον

781 1932 990 2007 πρῶνα
1033 1924 1229 1984 κοινὸν
1273 1922 1428 2000 αἴας,

476 2036 657 2110 Soph.
704 2036 800 2098 Αἱ.
849 2027 973 2095 934

886 2132 1072 2215 μέγας
1112 2131 1208 2216 ἄρ’
1253 2126 1327 2213 ἦν
1371 2132 1587 2205 ἐκεῖνος
1631 2134 1833 2215 ἄρχων
1868 2132 2086 2216 χρόνος

895 2238 1207 2319 πημάτων,

482 2350 695 2428 Trach.
745 2350 868 2410 510
910 2367 997 2423 sq.
1107 2373 1113 2381 ·

1294 2448 1325 2509 ὃ
1370 2447 1435 2509 δέ
1481 2448 1754 2528 Βακχίας
1799 2449 1919 2510 ἀπὸ

885 2547 1040 2633 ἦλθε
1085 2553 1409 2615 παλίντονα
1459 2553 1695 2634 Θήβας,

895 2657 1040 2731 τόξα
1084 2659 1182 2719 καὶ
1226 2658 1442 2740 λόγχας
1487 2655 1749 2742 ῥόπαλόν
1788 2683 1851 2722 τε
1894 2659 2207 2736 τινάσσων,

475 2785 591 2842 quo
633 2769 762 2828 loco
801 2769 1005 2830 ultimo
1049 2770 1396 2830 adiectivum
1428 2765 1772 2842 παλίντονα,
1818 2770 1972 2844 quod
2014 2769 2435 2829 substantivum
2476 2761 2617 2834 τόξα

476 2880 746 2933 accurate
792 2872 1070 2934 definiens
1129 2875 1205 2934 ad
1251 2877 1736 2937 constructionem
1780 2875 2076 2949 participii
2116 2872 2400 2949 pertinet,
2461 2873 2613 2932 inso-

479 2979 692 3039 lentius
749 2979 904 3038 inter
945 2980 1202 3039 membra
1252 2979 1417 3040 verbi
1464 2978 1615 3039 finiti
1658 2982 1959 3040 traiectum
2020 2985 2125 3039 est.
2211 2977 2615 3051 nonnunquam

478 3089 713 3158 praeter
757 3084 1101 3158 elegantiam
1144 3085 1424 3145 sermonis
1469 3089 1530 3142 et
1586 3086 1759 3143 metri
1800 3084 2266 3145 commoditatem
2309 3082 2619 3157 singularis

471 3203 651 3267 causa
711 3194 802 3248 est
859 3190 1290 3263 cognoscenda,
1351 3205 1498 3262 quae
1557 3189 1753 3249 verbis
1799 3189 2135 3249 traiciendis
2194 3187 2447 3247 favebat.
2536 3187 2620 3247 ita

477 3294 732 3369 exempli
776 3288 967 3368 gratia
1008 3294 1069 3352 in
1112 3294 1280 3353 Pind.
1324 3295 1489 3353 Nem.
1540 3295 1569 3351 I
1616 3295 1699 3352 44
1744 3311 1833 3367 sq.

886 3394 1147 3455 δισσαῖσι
1193 3394 1389 3465 δοιοὺς
1433 3390 1699 3472 αὐχένων

883 3496 1142 3580 μάρψας
1185 3499 1474 3580 ἀφύκτοις
1511 3498 1720 3580 χερσὶν
1763 3492 1889 3569 ἕαῖς
1934 3495 2112 3580 ὄφιας

477 3614 748 3668 contorta
790 3609 1282 3669 substantivorum
1331 3615 1393 3668 et
1434 3609 1855 3669 adiectivorum
1913 3608 2219 3667 collocatio
2263 3613 2468 3665 exorta
2508 3617 2612 3677 est,

476 3714 615 3786 quia
658 3719 831 3789 poeta
878 3713 1095 3774 similes
1154 3720 1211 3772 et
1254 3713 1331 3773 ad
1373 3730 1602 3773 sensum
1646 3728 1885 3788 prorsus
1927 3700 2098 3786 pares
2139 3729 2304 3772 voces
2352 3713 2616 3785 proxime

475 3819 809 3878 consociare
838 3815 1127 3903 studebat.
1171 3817 1283 3875 huc
1312 3819 1489 3877 etiam
1517 3817 1661 3878 facit
1690 3817 1894 3891 Eurip·
1919 3818 2061 3879 Hec.
2081 3817 2224 3877 690.
2272 3825 2444 3889 atque
2476 3817 2616 3873 arti-

480 3921 836 3984 ficiosissime
883 3922 1215 3997 Sophocles,
1263 3922 1362 3994 qui
1404 3925 1636 3983 omnino
1680 3927 1981 3998 poetarum
2020 3923 2372 3997 tragicorum
2416 3921 2620 3981 soller-

485 4029 706 4088 tissime
768 4028 948 4090 verba
1019 4027 1334 4102 disposuit,
1411 4027 1776 4088 substantiva
1847 4033 1906 4086 et
1977 4027 2259 4088 attributa
2336 4025 2616 4098 implicuit

479 4131 547 4194 Ο.
593 4133 658 4195 C.
708 4132 828 4192 199
874 4149 956 4206 sq.
