<?xml version="1.0" encoding="UTF-8"?>
<!DOCTYPE html PUBLIC "-//W3C//DTD XHTML 1.0 Transitional//EN"
    "http://www.w3.org/TR/xhtml1/DTD/xhtml1-transitional.dtd">
<html xmlns="http://www.w3.org/1999/xhtml" xml:lang="en" lang="en">
 <head>
  <title>
</title>
<meta http-equiv="Content-Type" content="text/html;charset=utf-8" />
  <meta name='ocr-system' content='tesseract 3.04.00' />
  <meta name='ocr-capabilities' content='ocr_page ocr_carea ocr_par ocr_line ocrx_word'/>
</head>
<body>
  <div class='ocr_page' id='page_1' title='image "./deliberioreling00boldgoog_0189.png"; bbox 0 0 3034 4675; ppageno 0'>
   <div class='ocr_carea' id='block_1_1' title="bbox 1274 298 1736 361">
    <p class='ocr_par' dir='ltr' id='par_1_1' title="bbox 1274 298 1736 361">
     <span class='ocr_line' id='line_1_1' title="bbox 1274 298 1736 361; baseline 0.002 -1"><span class='ocrx_word' id='word_1_1' title='bbox 1274 298 1736 361; x_wconf 80' lang='lat'>—185—</span> 
     </span>
    </p>
   </div>
   <div class='ocr_carea' id='block_1_2' title="bbox 384 465 2579 4238">
    <p class='ocr_par' dir='ltr' id='par_1_2' title="bbox 384 465 2579 4238">
     <span class='ocr_line' id='line_1_2' title="bbox 435 465 2575 551; baseline 0.004 -27"><span class='ocrx_word' id='word_1_2' title='bbox 435 465 661 525; x_wconf 85' lang='lat' dir='ltr'>fabulas</span> <span class='ocrx_word' id='word_1_3' title='bbox 719 466 1021 549; x_wconf 76' lang='lat' dir='ltr'>Sophoclis</span> <span class='ocrx_word' id='word_1_4' title='bbox 1076 487 1144 526; x_wconf 87' lang='lat' dir='ltr'>eo</span> <span class='ocrx_word' id='word_1_5' title='bbox 1202 472 1408 528; x_wconf 87' lang='lat' dir='ltr'>aetatis</span> <span class='ocrx_word' id='word_1_6' title='bbox 1462 472 1717 549; x_wconf 87' lang='lat' dir='ltr'>artisque</span> <span class='ocrx_word' id='word_1_7' title='bbox 1773 468 1959 546; x_wconf 87' lang='lat' dir='ltr'>gradu</span> <span class='ocrx_word' id='word_1_8' title='bbox 2016 473 2257 550; x_wconf 87' lang='lat' dir='ltr'>scriptas</span> <span class='ocrx_word' id='word_1_9' title='bbox 2274 517 2287 542; x_wconf 92' lang='lat'>,</span> <span class='ocrx_word' id='word_1_10' title='bbox 2365 472 2575 551; x_wconf 88' lang='lat' dir='ltr'>quibus</span> 
     </span>
     <span class='ocr_line' id='line_1_3' title="bbox 435 572 2574 655; baseline 0.004 -26"><span class='ocrx_word' id='word_1_11' title='bbox 435 580 640 651; x_wconf 85' lang='lat' dir='ltr'>poetae</span> <span class='ocrx_word' id='word_1_12' title='bbox 704 591 1025 633; x_wconf 89' lang='lat' dir='ltr'>sermonem</span> <span class='ocrx_word' id='word_1_13' title='bbox 1084 572 1398 652; x_wconf 88' lang='lat' dir='ltr'>Aeschylio</span> <span class='ocrx_word' id='word_1_14' title='bbox 1463 574 1793 633; x_wconf 81' lang='lat' dir='ltr'>similiorem</span> <span class='ocrx_word' id='word_1_15' title='bbox 1856 575 2034 633; x_wconf 88' lang='lat' dir='ltr'>fuisse</span> <span class='ocrx_word' id='word_1_16' title='bbox 2090 575 2410 655; x_wconf 88' lang='lat' dir='ltr'>putandum</span> <span class='ocrx_word' id='word_1_17' title='bbox 2470 588 2574 638; x_wconf 91' lang='lat' dir='ltr'>est.</span> 
     </span>
     <span class='ocr_line' id='line_1_4' title="bbox 435 678 2575 764; baseline 0.003 -28"><span class='ocrx_word' id='word_1_18' title='bbox 435 680 498 736; x_wconf 92' lang='lat' dir='ltr'>in</span> <span class='ocrx_word' id='word_1_19' title='bbox 541 685 760 757; x_wconf 79' lang='lat' dir='ltr'><strong>septem</strong></span> <span class='ocrx_word' id='word_1_20' title='bbox 803 688 996 738; x_wconf 86' lang='lat' dir='ltr'>autem</span> <span class='ocrx_word' id='word_1_21' title='bbox 1036 678 1246 737; x_wconf 87' lang='lat' dir='ltr'>fabulis</span> <span class='ocrx_word' id='word_1_22' title='bbox 1290 679 1693 758; x_wconf 82' lang='lat' dir='ltr'>superstitibus</span> <span class='ocrx_word' id='word_1_23' title='bbox 1736 680 2051 760; x_wconf 88' lang='lat' dir='ltr'>Sophocles</span> <span class='ocrx_word' id='word_1_24' title='bbox 2096 683 2432 742; x_wconf 77' lang='lat' dir='ltr'>elocution&#39;is</span> <span class='ocrx_word' id='word_1_25' title='bbox 2475 705 2575 764; x_wconf 87' lang='lat' dir='ltr'>ap-</span> 
     </span>
     <span class='ocr_line' id='line_1_5' title="bbox 435 782 2579 867; baseline 0.003 -26"><span class='ocrx_word' id='word_1_26' title='bbox 435 792 529 841; x_wconf 88' lang='lat' dir='ltr'>tae</span> <span class='ocrx_word' id='word_1_27' title='bbox 545 827 559 856; x_wconf 95' lang='lat'>,</span> <span class='ocrx_word' id='word_1_28' title='bbox 617 782 924 860; x_wconf 85' lang='lat' dir='ltr'>elegantis,</span> <span class='ocrx_word' id='word_1_29' title='bbox 985 782 1212 843; x_wconf 87' lang='lat' dir='ltr'>subtilis</span> <span class='ocrx_word' id='word_1_30' title='bbox 1269 785 1571 842; x_wconf 85' lang='lat' dir='ltr'>artificium</span> <span class='ocrx_word' id='word_1_31' title='bbox 1628 785 2083 845; x_wconf 88' lang='lat' dir='ltr'>sollertissimum</span> <span class='ocrx_word' id='word_1_32' title='bbox 2128 786 2321 867; x_wconf 86' lang='lat' dir='ltr'>prodit</span> <span class='ocrx_word' id='word_1_33' title='bbox 2363 797 2453 862; x_wconf 81' lang='lat' dir='ltr'>et,</span> <span class='ocrx_word' id='word_1_34' title='bbox 2513 798 2579 848; x_wconf 94' lang='lat' dir='ltr'>ut</span> 
     </span>
     <span class='ocr_line' id='line_1_6' title="bbox 435 887 2572 973; baseline 0.003 -27"><span class='ocrx_word' id='word_1_35' title='bbox 435 898 598 965; x_wconf 85' lang='lat' dir='ltr'>grata</span> <span class='ocrx_word' id='word_1_36' title='bbox 663 891 938 948; x_wconf 87' lang='lat' dir='ltr'>varietate</span> <span class='ocrx_word' id='word_1_37' title='bbox 995 887 1311 965; x_wconf 87' lang='lat' dir='ltr'>distinguat</span> <span class='ocrx_word' id='word_1_38' title='bbox 1367 892 1683 948; x_wconf 89' lang='lat' dir='ltr'>orationem</span> <span class='ocrx_word' id='word_1_39' title='bbox 1702 935 1716 964; x_wconf 96' lang='lat'>,</span> <span class='ocrx_word' id='word_1_40' title='bbox 1791 910 2026 971; x_wconf 88' lang='lat' dir='ltr'>operam</span> <span class='ocrx_word' id='word_1_41' title='bbox 2081 890 2182 950; x_wconf 90' lang='lat' dir='ltr'>dat</span> <span class='ocrx_word' id='word_1_42' title='bbox 2237 895 2572 973; x_wconf 83' lang='lat' dir='ltr'>impensam.</span> 
     </span>
     <span class='ocr_line' id='line_1_7' title="bbox 434 993 2572 1079; baseline 0.003 -28"><span class='ocrx_word' id='word_1_43' title='bbox 434 1002 609 1072; x_wconf 87' lang='lat' dir='ltr'>atque</span> <span class='ocrx_word' id='word_1_44' title='bbox 669 993 778 1052; x_wconf 88' lang='lat' dir='ltr'>hac</span> <span class='ocrx_word' id='word_1_45' title='bbox 835 993 1072 1072; x_wconf 87' lang='lat' dir='ltr'>quidem</span> <span class='ocrx_word' id='word_1_46' title='bbox 1125 997 1522 1067; x_wconf 84' lang='lat' dir='ltr'>contentione,</span> <span class='ocrx_word' id='word_1_47' title='bbox 1581 1015 1697 1073; x_wconf 89' lang='lat' dir='ltr'>qua</span> <span class='ocrx_word' id='word_1_48' title='bbox 1755 1016 1789 1053; x_wconf 89' lang='lat' dir='ltr'>a</span> <span class='ocrx_word' id='word_1_49' title='bbox 1834 999 2067 1079; x_wconf 89' lang='lat' dir='ltr'>nemine</span> <span class='ocrx_word' id='word_1_50' title='bbox 2120 998 2241 1056; x_wconf 86' lang='lat' dir='ltr'>fere</span> <span class='ocrx_word' id='word_1_51' title='bbox 2298 1018 2331 1057; x_wconf 99' lang='lat' dir='ltr'>e</span> <span class='ocrx_word' id='word_1_52' title='bbox 2386 1002 2572 1079; x_wconf 88' lang='lat' dir='ltr'>poetis</span> 
     </span>
     <span class='ocr_line' id='line_1_8' title="bbox 384 1098 2578 1179; baseline 0.003 -22"><span class='ocrx_word' id='word_1_53' title='bbox 384 1108 387 1111; x_wconf 55' lang='lat'><strong>⁴</strong></span> <span class='ocrx_word' id='word_1_54' title='bbox 435 1102 691 1175; x_wconf 87' lang='lat' dir='ltr'>cognatis</span> <span class='ocrx_word' id='word_1_55' title='bbox 749 1111 1053 1176; x_wconf 87' lang='lat' dir='ltr'>superatur</span> <span class='ocrx_word' id='word_1_56' title='bbox 1107 1099 1454 1179; x_wconf 80' lang='lat' dir='ltr'>Sophocles,</span> <span class='ocrx_word' id='word_1_57' title='bbox 1513 1098 1887 1161; x_wconf 82' lang='lat' dir='ltr'>admonemus</span> <span class='ocrx_word' id='word_1_58' title='bbox 1947 1123 2077 1161; x_wconf 90' lang='lat' dir='ltr'>eum</span> <span class='ocrx_word' id='word_1_59' title='bbox 2134 1101 2343 1163; x_wconf 82' lang='lat' dir='ltr'>vidisse</span> <span class='ocrx_word' id='word_1_60' title='bbox 2386 1104 2578 1163; x_wconf 91' lang='lat' dir='ltr'>studia</span> 
     </span>
     <span class='ocr_line' id='line_1_9' title="bbox 436 1204 2573 1290; baseline 0.003 -27"><span class='ocrx_word' id='word_1_61' title='bbox 436 1208 689 1284; x_wconf 91' lang='lat' dir='ltr'>priorum</span> <span class='ocrx_word' id='word_1_62' title='bbox 757 1207 1142 1290; x_wconf 83' lang='lat' dir='ltr'>sophistarum</span> <span class='ocrx_word' id='word_1_63' title='bbox 1159 1250 1173 1277; x_wconf 88' lang='lat'>,</span> <span class='ocrx_word' id='word_1_64' title='bbox 1234 1206 1336 1284; x_wconf 92' lang='lat' dir='ltr'>qui</span> <span class='ocrx_word' id='word_1_65' title='bbox 1391 1204 1729 1264; x_wconf 81' lang='lat' dir='ltr'>elocutionis</span> <span class='ocrx_word' id='word_1_66' title='bbox 1781 1215 1962 1265; x_wconf 88' lang='lat' dir='ltr'>artem</span> <span class='ocrx_word' id='word_1_67' title='bbox 2024 1206 2365 1267; x_wconf 90' lang='lat' dir='ltr'>condebant.</span> <span class='ocrx_word' id='word_1_68' title='bbox 2456 1231 2573 1289; x_wconf 91' lang='lat' dir='ltr'>quo</span> 
     </span>
     <span class='ocr_line' id='line_1_10' title="bbox 436 1310 2573 1399; baseline 0.003 -31"><span class='ocrx_word' id='word_1_69' title='bbox 436 1312 557 1370; x_wconf 92' lang='lat' dir='ltr'>fere</span> <span class='ocrx_word' id='word_1_70' title='bbox 608 1321 865 1389; x_wconf 89' lang='lat' dir='ltr'>tempore</span> <span class='ocrx_word' id='word_1_71' title='bbox 901 1311 1226 1387; x_wconf 83' lang='lat' dir='ltr'>Antigone,</span> <span class='ocrx_word' id='word_1_72' title='bbox 1286 1319 1505 1389; x_wconf 87' lang='lat' dir='ltr'>septem</span> <span class='ocrx_word' id='word_1_73' title='bbox 1551 1328 1695 1399; x_wconf 82' lang='lat' dir='ltr'>quas</span> <span class='ocrx_word' id='word_1_74' title='bbox 1738 1310 2017 1371; x_wconf 89' lang='lat' dir='ltr'>habemus</span> <span class='ocrx_word' id='word_1_75' title='bbox 2060 1312 2384 1373; x_wconf 84' lang='lat' dir='ltr'>fabularum</span> <span class='ocrx_word' id='word_1_76' title='bbox 2426 1319 2573 1375; x_wconf 89' lang='lat' dir='ltr'>anti-</span> 
     </span>
     <span class='ocr_line' id='line_1_11' title="bbox 433 1415 2578 1495; baseline 0.001 -20"><span class='ocrx_word' id='word_1_77' title='bbox 433 1418 723 1494; x_wconf 88' lang='lat' dir='ltr'>quissima,</span> <span class='ocrx_word' id='word_1_78' title='bbox 771 1418 981 1495; x_wconf 85' lang='lat' dir='ltr'>scripta</span> <span class='ocrx_word' id='word_1_79' title='bbox 1019 1424 1122 1487; x_wconf 89' lang='lat' dir='ltr'>est,</span> <span class='ocrx_word' id='word_1_80' title='bbox 1169 1415 1512 1492; x_wconf 84' lang='lat' dir='ltr'>Protagoras</span> <span class='ocrx_word' id='word_1_81' title='bbox 1557 1416 1801 1475; x_wconf 89' lang='lat' dir='ltr'>Athenis</span> <span class='ocrx_word' id='word_1_82' title='bbox 1842 1416 2035 1476; x_wconf 86' lang='lat' dir='ltr'>sedem</span> <span class='ocrx_word' id='word_1_83' title='bbox 2078 1418 2299 1492; x_wconf 84' lang='lat' dir='ltr'>fixerat,</span> <span class='ocrx_word' id='word_1_84' title='bbox 2347 1430 2404 1478; x_wconf 92' lang='lat' dir='ltr'>et</span> <span class='ocrx_word' id='word_1_85' title='bbox 2432 1421 2578 1480; x_wconf 85' lang='lat' dir='ltr'>haec</span> 
     </span>
     <span class='ocr_line' id='line_1_12' title="bbox 435 1509 2574 1604; baseline 0.002 -24"><span class='ocrx_word' id='word_1_86' title='bbox 435 1521 671 1600; x_wconf 83' lang='lat' dir='ltr'>quidem</span> <span class='ocrx_word' id='word_1_87' title='bbox 714 1520 884 1579; x_wconf 90' lang='lat' dir='ltr'>docta</span> <span class='ocrx_word' id='word_1_88' title='bbox 927 1530 1014 1580; x_wconf 88' lang='lat' dir='ltr'>est</span> <span class='ocrx_word' id='word_1_89' title='bbox 1054 1542 1108 1580; x_wconf 90' lang='lat' dir='ltr'>a.</span> <span class='ocrx_word' id='word_1_90' title='bbox 1157 1528 1299 1582; x_wconf 81' lang='lat'>441.</span> <span class='ocrx_word' id='word_1_91' title='bbox 1390 1524 1697 1580; x_wconf 87' lang='lat' dir='ltr'>novissima</span> <span class='ocrx_word' id='word_1_92' title='bbox 1755 1532 2015 1601; x_wconf 88' lang='lat' dir='ltr'>superest</span> <span class='ocrx_word' id='word_1_93' title='bbox 2070 1509 2269 1583; x_wconf 86' lang='lat' dir='ltr'>fabula</span> <span class='ocrx_word' id='word_1_94' title='bbox 2315 1524 2574 1604; x_wconf 88' lang='lat' dir='ltr'>Oedipus</span> 
     </span>
     <span class='ocr_line' id='line_1_13' title="bbox 435 1626 2575 1709; baseline 0.002 -24"><span class='ocrx_word' id='word_1_95' title='bbox 435 1626 752 1700; x_wconf 77' lang='lat' dir='ltr'>ColoneuS,</span> <span class='ocrx_word' id='word_1_96' title='bbox 815 1630 1012 1705; x_wconf 87' lang='lat' dir='ltr'>paucis</span> <span class='ocrx_word' id='word_1_97' title='bbox 1055 1629 1222 1684; x_wconf 89' lang='lat' dir='ltr'>annis</span> <span class='ocrx_word' id='word_1_98' title='bbox 1263 1636 1391 1705; x_wconf 89' lang='lat' dir='ltr'>post</span> <span class='ocrx_word' id='word_1_99' title='bbox 1435 1636 1676 1685; x_wconf 88' lang='lat' dir='ltr'>mortem</span> <span class='ocrx_word' id='word_1_100' title='bbox 1721 1638 1926 1706; x_wconf 85' lang='lat' dir='ltr'>poetae</span> <span class='ocrx_word' id='word_1_101' title='bbox 1969 1631 2219 1707; x_wconf 89' lang='lat' dir='ltr'>primum</span> <span class='ocrx_word' id='word_1_102' title='bbox 2262 1638 2418 1703; x_wconf 87' lang='lat' dir='ltr'>acta,</span> <span class='ocrx_word' id='word_1_103' title='bbox 2473 1633 2575 1709; x_wconf 90' lang='lat' dir='ltr'>qui</span> 
     </span>
     <span class='ocr_line' id='line_1_14' title="bbox 433 1723 2576 1820; baseline 0.001 -28"><span class='ocrx_word' id='word_1_104' title='bbox 433 1732 577 1792; x_wconf 89' lang='lat' dir='ltr'>obiit</span> <span class='ocrx_word' id='word_1_105' title='bbox 618 1754 670 1791; x_wconf 86' lang='lat' dir='ltr'>a.</span> <span class='ocrx_word' id='word_1_106' title='bbox 720 1728 871 1805; x_wconf 78' lang='lat'>4053</span> <span class='ocrx_word' id='word_1_107' title='bbox 916 1741 1093 1810; x_wconf 90' lang='lat' dir='ltr'>atque</span> <span class='ocrx_word' id='word_1_108' title='bbox 1136 1733 1198 1789; x_wconf 92' lang='lat' dir='ltr'>in</span> <span class='ocrx_word' id='word_1_109' title='bbox 1230 1723 1349 1790; x_wconf 43' lang='lat' dir='ltr'>‘hac</span> <span class='ocrx_word' id='word_1_110' title='bbox 1389 1732 1779 1820; x_wconf 82' lang='lat' dir='ltr'>frequentiora</span> <span class='ocrx_word' id='word_1_111' title='bbox 1822 1753 1997 1812; x_wconf 87' lang='lat' dir='ltr'>quam</span> <span class='ocrx_word' id='word_1_112' title='bbox 2042 1736 2103 1792; x_wconf 91' lang='lat' dir='ltr'>in</span> <span class='ocrx_word' id='word_1_113' title='bbox 2147 1739 2348 1795; x_wconf 89' lang='lat' dir='ltr'>ceteris</span> <span class='ocrx_word' id='word_1_114' title='bbox 2378 1739 2576 1796; x_wconf 91' lang='lat' dir='ltr'>insunt</span> 
     </span>
     <span class='ocr_line' id='line_1_15' title="bbox 434 1836 2571 1921; baseline 0.001 -24"><span class='ocrx_word' id='word_1_115' title='bbox 434 1839 700 1918; x_wconf 85' lang='lat' dir='ltr'>exempla</span> <span class='ocrx_word' id='word_1_116' title='bbox 753 1838 1050 1896; x_wconf 89' lang='lat' dir='ltr'>insolentis</span> <span class='ocrx_word' id='word_1_117' title='bbox 1106 1837 1413 1908; x_wconf 87' lang='lat' dir='ltr'>verborum</span> <span class='ocrx_word' id='word_1_118' title='bbox 1455 1836 1846 1915; x_wconf 86' lang='lat' dir='ltr'>dispositionis</span> <span class='ocrx_word' id='word_1_119' title='bbox 1868 1885 1883 1909; x_wconf 94' lang='lat'>,</span> <span class='ocrx_word' id='word_1_120' title='bbox 1930 1840 2059 1918; x_wconf 90' lang='lat' dir='ltr'>plus</span> <span class='ocrx_word' id='word_1_121' title='bbox 2102 1844 2333 1899; x_wconf 90' lang='lat' dir='ltr'>omnino</span> <span class='ocrx_word' id='word_1_122' title='bbox 2377 1862 2571 1921; x_wconf 89' lang='lat' dir='ltr'>comp-</span> 
     </span>
     <span class='ocr_line' id='line_1_16' title="bbox 431 1944 2572 2032; baseline 0.001 -29"><span class='ocrx_word' id='word_1_123' title='bbox 431 1953 525 2003; x_wconf 86' lang='lat' dir='ltr'>tae</span> <span class='ocrx_word' id='word_1_124' title='bbox 589 1944 910 2020; x_wconf 81' lang='lat' dir='ltr'>elegantiae</span> <span class='ocrx_word' id='word_1_125' title='bbox 967 1946 1224 2021; x_wconf 86' lang='lat' dir='ltr'>artisque</span> <span class='ocrx_word' id='word_1_126' title='bbox 1280 1946 1594 2032; x_wconf 71' lang='lat' dir='ltr'>quaesitae.</span> <span class='ocrx_word' id='word_1_127' title='bbox 1683 1947 1745 2002; x_wconf 91' lang='lat' dir='ltr'>in</span> <span class='ocrx_word' id='word_1_128' title='bbox 1802 1945 2035 2005; x_wconf 75' lang='lat' dir='ltr'>articuli</span> <span class='ocrx_word' id='word_1_129' title='bbox 2087 1955 2144 2004; x_wconf 91' lang='lat' dir='ltr'>et</span> <span class='ocrx_word' id='word_1_130' title='bbox 2200 1949 2572 2025; x_wconf 88' lang='lat' dir='ltr'>praepositio·</span> 
     </span>
     <span class='ocr_line' id='line_1_17' title="bbox 431 2046 2574 2130; baseline 0.002 -24"><span class='ocrx_word' id='word_1_131' title='bbox 431 2069 571 2107; x_wconf 90' lang='lat' dir='ltr'>num</span> <span class='ocrx_word' id='word_1_132' title='bbox 625 2046 1312 2125; x_wconf 82' lang='lat' dir='ltr'>traiectione.Sophocles</span> <span class='ocrx_word' id='word_1_133' title='bbox 1371 2047 1585 2107; x_wconf 88' lang='lat' dir='ltr'>eisdem</span> <span class='ocrx_word' id='word_1_134' title='bbox 1629 2050 1781 2124; x_wconf 88' lang='lat' dir='ltr'>fere,</span> <span class='ocrx_word' id='word_1_135' title='bbox 1835 2049 2046 2129; x_wconf 89' lang='lat' dir='ltr'>quibus</span> <span class='ocrx_word' id='word_1_136' title='bbox 2092 2052 2449 2130; x_wconf 79' lang='lat' dir='ltr'>AeschyluS,</span> <span class='ocrx_word' id='word_1_137' title='bbox 2510 2072 2574 2111; x_wconf 93' lang='lat' dir='ltr'>se</span> 
     </span>
     <span class='ocr_line' id='line_1_18' title="bbox 431 2142 2573 2234; baseline 0.002 -22"><span class='ocrx_word' id='word_1_138' title='bbox 431 2142 713 2213; x_wconf 81' lang='lat' dir='ltr'>continuit</span> <span class='ocrx_word' id='word_1_139' title='bbox 753 2153 966 2213; x_wconf 89' lang='lat' dir='ltr'>finibus</span> <span class='ocrx_word' id='word_1_140' title='bbox 985 2176 1014 2228; x_wconf 45' lang='grc' dir='ltr'>ς’</span> <span class='ocrx_word' id='word_1_141' title='bbox 1058 2153 1416 2212; x_wconf 85' lang='lat' dir='ltr'>substantiva</span> <span class='ocrx_word' id='word_1_142' title='bbox 1473 2174 1788 2233; x_wconf 90' lang='lat' dir='ltr'>eorumque</span> <span class='ocrx_word' id='word_1_143' title='bbox 1831 2156 2107 2215; x_wconf 85' lang='lat' dir='ltr'>attributa</span> <span class='ocrx_word' id='word_1_144' title='bbox 2151 2158 2573 2234; x_wconf 83' lang='lat' dir='ltr'>elegantissime</span> 
     </span>
     <span class='ocr_line' id='line_1_19' title="bbox 433 2259 2573 2340; baseline 0.001 -23"><span class='ocrx_word' id='word_1_145' title='bbox 433 2259 766 2339; x_wconf 86' lang='lat' dir='ltr'>implectere</span> <span class='ocrx_word' id='word_1_146' title='bbox 809 2279 1084 2340; x_wconf 84' lang='lat' dir='ltr'>perquam</span> <span class='ocrx_word' id='word_1_147' title='bbox 1129 2261 1359 2331; x_wconf 83' lang='lat' dir='ltr'>amavit,</span> <span class='ocrx_word' id='word_1_148' title='bbox 1400 2262 1632 2318; x_wconf 91' lang='lat' dir='ltr'>omnino</span> <span class='ocrx_word' id='word_1_149' title='bbox 1667 2263 1725 2318; x_wconf 91' lang='lat' dir='ltr'>in</span> <span class='ocrx_word' id='word_1_150' title='bbox 1755 2264 1925 2320; x_wconf 85' lang='lat' dir='ltr'>variis</span> <span class='ocrx_word' id='word_1_151' title='bbox 1953 2266 2274 2321; x_wconf 89' lang='lat' dir='ltr'>sententiae</span> <span class='ocrx_word' id='word_1_152' title='bbox 2301 2262 2573 2322; x_wconf 87' lang='lat' dir='ltr'>membris</span> 
     </span>
     <span class='ocr_line' id='line_1_20' title="bbox 429 2364 2572 2451; baseline 0.001 -27"><span class='ocrx_word' id='word_1_153' title='bbox 429 2364 872 2445; x_wconf 87' lang='lat' dir='ltr'>transponendis</span> <span class='ocrx_word' id='word_1_154' title='bbox 914 2367 1226 2424; x_wconf 89' lang='lat' dir='ltr'>orationem</span> <span class='ocrx_word' id='word_1_155' title='bbox 1271 2364 1345 2423; x_wconf 88' lang='lat' dir='ltr'>ad</span> <span class='ocrx_word' id='word_1_156' title='bbox 1389 2374 1749 2451; x_wconf 80' lang='lat' dir='ltr'>venustatem</span> <span class='ocrx_word' id='word_1_157' title='bbox 1793 2387 2135 2446; x_wconf 89' lang='lat' dir='ltr'>componere</span> <span class='ocrx_word' id='word_1_158' title='bbox 2178 2367 2428 2441; x_wconf 88' lang='lat' dir='ltr'>studuit,</span> <span class='ocrx_word' id='word_1_159' title='bbox 2493 2371 2572 2427; x_wconf 87' lang='lat' dir='ltr'>ita</span> 
     </span>
     <span class='ocr_line' id='line_1_21' title="bbox 429 2462 2569 2554; baseline 0.001 -25"><span class='ocrx_word' id='word_1_160' title='bbox 429 2481 495 2530; x_wconf 89' lang='lat' dir='ltr'>ut</span> <span class='ocrx_word' id='word_1_161' title='bbox 536 2470 926 2547; x_wconf 79' lang='lat' dir='ltr'>compluribus</span> <span class='ocrx_word' id='word_1_162' title='bbox 961 2470 1099 2529; x_wconf 89' lang='lat' dir='ltr'>locis</span> <span class='ocrx_word' id='word_1_163' title='bbox 1127 2469 1377 2554; x_wconf 86' lang='lat' dir='ltr'>quadam</span> <span class='ocrx_word' id='word_1_164' title='bbox 1418 2462 1797 2548; x_wconf 73' lang='lat' dir='ltr'>ambiguitate</span> <span class='ocrx_word' id='word_1_165' title='bbox 1831 2472 2202 2551; x_wconf 80' lang='lat' dir='ltr'>perfunderet</span> <span class='ocrx_word' id='word_1_166' title='bbox 2229 2493 2569 2539; x_wconf 82' lang='lat' dir='ltr'>sermonem,</span> 
     </span>
     <span class='ocr_line' id='line_1_22' title="bbox 430 2576 2570 2657; baseline 0.001 -22"><span class='ocrx_word' id='word_1_167' title='bbox 430 2580 602 2636; x_wconf 87' lang='lat' dir='ltr'>etiam</span> <span class='ocrx_word' id='word_1_168' title='bbox 644 2576 881 2635; x_wconf 86' lang='lat' dir='ltr'>verbum</span> <span class='ocrx_word' id='word_1_169' title='bbox 911 2579 1191 2634; x_wconf 88' lang='lat' dir='ltr'>enuntiati</span> <span class='ocrx_word' id='word_1_170' title='bbox 1231 2578 1488 2656; x_wconf 90' lang='lat' dir='ltr'>primarii</span> <span class='ocrx_word' id='word_1_171' title='bbox 1534 2596 1638 2657; x_wconf 87' lang='lat' dir='ltr'>per</span> <span class='ocrx_word' id='word_1_172' title='bbox 1683 2578 2044 2657; x_wconf 88' lang='lat' dir='ltr'>hyperbaton</span> <span class='ocrx_word' id='word_1_173' title='bbox 2089 2581 2330 2655; x_wconf 83' lang='lat' dir='ltr'>inseruit</span> <span class='ocrx_word' id='word_1_174' title='bbox 2372 2599 2570 2637; x_wconf 89' lang='lat' dir='ltr'>secun-</span> 
     </span>
     <span class='ocr_line' id='line_1_23' title="bbox 433 2681 2569 2743; baseline 0.001 -4"><span class='ocrx_word' id='word_1_175' title='bbox 433 2681 579 2740; x_wconf 85' lang='lat' dir='ltr'>darii</span> <span class='ocrx_word' id='word_1_176' title='bbox 638 2689 958 2741; x_wconf 81' lang='lat' dir='ltr'>structurae</span> <span class='ocrx_word' id='word_1_177' title='bbox 1015 2691 1074 2740; x_wconf 88' lang='lat' dir='ltr'>et</span> <span class='ocrx_word' id='word_1_178' title='bbox 1129 2681 1282 2740; x_wconf 89' lang='lat' dir='ltr'>haud</span> <span class='ocrx_word' id='word_1_179' title='bbox 1329 2703 1459 2741; x_wconf 86' lang='lat' dir='ltr'>raro</span> <span class='ocrx_word' id='word_1_180' title='bbox 1503 2687 1984 2743; x_wconf 73' lang='lat' dir='ltr'>constructionem</span> <span class='ocrx_word' id='word_1_181' title='bbox 2027 2683 2354 2742; x_wconf 86' lang='lat' dir='ltr'>incohatam</span> <span class='ocrx_word' id='word_1_182' title='bbox 2397 2687 2569 2742; x_wconf 88' lang='lat' dir='ltr'>inter-</span> 
     </span>
     <span class='ocr_line' id='line_1_24' title="bbox 431 2787 2571 2868; baseline 0.001 -22"><span class='ocrx_word' id='word_1_183' title='bbox 431 2791 617 2868; x_wconf 86' lang='lat' dir='ltr'>posito</span> <span class='ocrx_word' id='word_1_184' title='bbox 660 2787 840 2846; x_wconf 85' lang='lat' dir='ltr'>altero</span> <span class='ocrx_word' id='word_1_185' title='bbox 883 2787 1060 2846; x_wconf 84' lang='lat' dir='ltr'>verbo</span> <span class='ocrx_word' id='word_1_186' title='bbox 1100 2790 1420 2866; x_wconf 86' lang='lat' dir='ltr'>interrupit.</span> <span class='ocrx_word' id='word_1_187' title='bbox 1493 2787 1802 2868; x_wconf 89' lang='lat' dir='ltr'>Euripides</span> <span class='ocrx_word' id='word_1_188' title='bbox 1835 2788 2061 2861; x_wconf 88' lang='lat' dir='ltr'>deinde,</span> <span class='ocrx_word' id='word_1_189' title='bbox 2092 2793 2253 2849; x_wconf 91' lang='lat' dir='ltr'>cuius</span> <span class='ocrx_word' id='word_1_190' title='bbox 2295 2789 2571 2868; x_wconf 90' lang='lat' dir='ltr'>loquendi</span> 
     </span>
     <span class='ocr_line' id='line_1_25' title="bbox 428 2892 2570 2972; baseline 0 -20"><span class='ocrx_word' id='word_1_191' title='bbox 428 2914 611 2971; x_wconf 89' lang='lat' dir='ltr'>genus</span> <span class='ocrx_word' id='word_1_192' title='bbox 655 2896 716 2953; x_wconf 89' lang='lat' dir='ltr'>in</span> <span class='ocrx_word' id='word_1_193' title='bbox 758 2897 1088 2953; x_wconf 87' lang='lat' dir='ltr'>universum</span> <span class='ocrx_word' id='word_1_194' title='bbox 1132 2892 1364 2972; x_wconf 82' lang='lat' dir='ltr'>quidem</span> <span class='ocrx_word' id='word_1_195' title='bbox 1416 2893 1489 2952; x_wconf 88' lang='lat' dir='ltr'>ad</span> <span class='ocrx_word' id='word_1_196' title='bbox 1534 2914 1891 2953; x_wconf 87' lang='lat' dir='ltr'>communem</span> <span class='ocrx_word' id='word_1_197' title='bbox 1936 2914 2256 2953; x_wconf 87' lang='lat' dir='ltr'>sermonem</span> <span class='ocrx_word' id='word_1_198' title='bbox 2299 2904 2356 2954; x_wconf 88' lang='lat' dir='ltr'>et</span> <span class='ocrx_word' id='word_1_199' title='bbox 2398 2898 2570 2953; x_wconf 90' lang='lat' dir='ltr'>comi-</span> 
     </span>
     <span class='ocr_line' id='line_1_26' title="bbox 430 2993 2572 3078; baseline -0 -20"><span class='ocrx_word' id='word_1_200' title='bbox 430 3020 625 3059; x_wconf 90' lang='lat' dir='ltr'>corum</span> <span class='ocrx_word' id='word_1_201' title='bbox 656 3002 970 3059; x_wconf 88' lang='lat' dir='ltr'>orationem</span> <span class='ocrx_word' id='word_1_202' title='bbox 997 3001 1259 3078; x_wconf 84' lang='lat' dir='ltr'>proxime</span> <span class='ocrx_word' id='word_1_203' title='bbox 1287 2998 1508 3057; x_wconf 87' lang='lat' dir='ltr'>accedit</span> <span class='ocrx_word' id='word_1_204' title='bbox 1549 3009 1727 3078; x_wconf 85' lang='lat' dir='ltr'>atque</span> <span class='ocrx_word' id='word_1_205' title='bbox 1771 2993 2064 3058; x_wconf 88' lang='lat' dir='ltr'>intellectu</span> <span class='ocrx_word' id='word_1_206' title='bbox 2107 3002 2295 3059; x_wconf 90' lang='lat' dir='ltr'>minus</span> <span class='ocrx_word' id='word_1_207' title='bbox 2338 2999 2572 3058; x_wconf 88' lang='lat' dir='ltr'>difficile</span> 
     </span>
     <span class='ocr_line' id='line_1_27' title="bbox 430 3100 2571 3186; baseline -0.001 -21"><span class='ocrx_word' id='word_1_208' title='bbox 430 3115 517 3166; x_wconf 89' lang='lat' dir='ltr'>est</span> <span class='ocrx_word' id='word_1_209' title='bbox 545 3106 642 3186; x_wconf 80' lang='lat' dir='ltr'>(cf.</span> <span class='ocrx_word' id='word_1_210' title='bbox 677 3106 990 3183; x_wconf 88' lang='lat' dir='ltr'>Bergkium</span> <span class='ocrx_word' id='word_1_211' title='bbox 1011 3103 1050 3162; x_wconf 90' lang='lat' dir='ltr'>l.</span> <span class='ocrx_word' id='word_1_212' title='bbox 1076 3123 1123 3161; x_wconf 89' lang='lat' dir='ltr'>c.</span> <span class='ocrx_word' id='word_1_213' title='bbox 1149 3104 1243 3162; x_wconf 93' lang='lat' dir='ltr'>III</span> <span class='ocrx_word' id='word_1_214' title='bbox 1274 3124 1331 3181; x_wconf 90' lang='lat' dir='ltr'>p.</span> <span class='ocrx_word' id='word_1_215' title='bbox 1362 3109 1478 3165; x_wconf 83' lang='lat'>595</span> <span class='ocrx_word' id='word_1_216' title='bbox 1515 3100 1693 3181; x_wconf 91' lang='lat' dir='ltr'>sqq.),</span> <span class='ocrx_word' id='word_1_217' title='bbox 1738 3106 1978 3181; x_wconf 87' lang='lat' dir='ltr'>singulis</span> <span class='ocrx_word' id='word_1_218' title='bbox 2008 3115 2199 3164; x_wconf 86' lang='lat' dir='ltr'>tamen</span> <span class='ocrx_word' id='word_1_219' title='bbox 2231 3104 2366 3163; x_wconf 90' lang='lat' dir='ltr'>locis</span> <span class='ocrx_word' id='word_1_220' title='bbox 2395 3105 2571 3164; x_wconf 89' lang='lat' dir='ltr'>auda-</span> 
     </span>
     <span class='ocr_line' id='line_1_28' title="bbox 431 3206 2568 3289; baseline -0.001 -18"><span class='ocrx_word' id='word_1_221' title='bbox 431 3214 655 3271; x_wconf 91' lang='lat' dir='ltr'>cissime</span> <span class='ocrx_word' id='word_1_222' title='bbox 696 3210 874 3269; x_wconf 86' lang='lat' dir='ltr'>verba</span> <span class='ocrx_word' id='word_1_223' title='bbox 931 3211 1153 3268; x_wconf 88' lang='lat' dir='ltr'>traiecit</span> <span class='ocrx_word' id='word_1_224' title='bbox 1210 3215 1268 3266; x_wconf 89' lang='lat' dir='ltr'>et</span> <span class='ocrx_word' id='word_1_225' title='bbox 1308 3206 1588 3285; x_wconf 86' lang='lat' dir='ltr'>quasdam</span> <span class='ocrx_word' id='word_1_226' title='bbox 1634 3207 1941 3287; x_wconf 87' lang='lat' dir='ltr'>hyperbati</span> <span class='ocrx_word' id='word_1_227' title='bbox 1985 3213 2203 3289; x_wconf 87' lang='lat' dir='ltr'>species</span> <span class='ocrx_word' id='word_1_228' title='bbox 2246 3214 2307 3269; x_wconf 95' lang='lat' dir='ltr'>in</span> <span class='ocrx_word' id='word_1_229' title='bbox 2351 3210 2568 3269; x_wconf 90' lang='lat' dir='ltr'>deliciis</span> 
     </span>
     <span class='ocr_line' id='line_1_29' title="bbox 431 3312 2567 3395; baseline -0.001 -19"><span class='ocrx_word' id='word_1_230' title='bbox 431 3317 701 3376; x_wconf 86' lang='lat' dir='ltr'>habuisse</span> <span class='ocrx_word' id='word_1_231' title='bbox 761 3317 1007 3375; x_wconf 86' lang='lat' dir='ltr'>videtur.</span> <span class='ocrx_word' id='word_1_232' title='bbox 1076 3314 1282 3372; x_wconf 75' lang='lat' dir='ltr'>-illam</span> <span class='ocrx_word' id='word_1_233' title='bbox 1355 3312 1667 3391; x_wconf 87' lang='lat' dir='ltr'>hyperbati</span> <span class='ocrx_word' id='word_1_234' title='bbox 1729 3315 1969 3374; x_wconf 87' lang='lat' dir='ltr'>formam</span> <span class='ocrx_word' id='word_1_235' title='bbox 2035 3315 2328 3394; x_wconf 85' lang='lat' dir='ltr'>Aeschylo</span> <span class='ocrx_word' id='word_1_236' title='bbox 2394 3337 2567 3395; x_wconf 86' lang='lat' dir='ltr'>quam</span> 
     </span>
     <span class='ocr_line' id='line_1_30' title="bbox 429 3411 2562 3500; baseline -0 -19"><span class='ocrx_word' id='word_1_237' title='bbox 429 3425 678 3481; x_wconf 84' lang='lat' dir='ltr'>maxime</span> <span class='ocrx_word' id='word_1_238' title='bbox 703 3422 1058 3494; x_wconf 86' lang='lat' dir='ltr'>familiarem,</span> <span class='ocrx_word' id='word_1_239' title='bbox 1107 3411 1200 3479; x_wconf 71' lang='grc' dir='ltr'>ἐπ’</span> <span class='ocrx_word' id='word_1_240' title='bbox 1242 3419 1423 3489; x_wconf 82' lang='grc' dir='ltr'><strong><em>αὐτὸς</em></strong></span> <span class='ocrx_word' id='word_1_241' title='bbox 1450 3418 1617 3500; x_wconf 74' lang='grc' dir='ltr'><em>αὑτῷ</em></span> <span class='ocrx_word' id='word_1_242' title='bbox 1660 3420 1884 3492; x_wconf 88' lang='lat' dir='ltr'>similia,</span> <span class='ocrx_word' id='word_1_243' title='bbox 1917 3422 2176 3479; x_wconf 90' lang='lat' dir='ltr'>consulto</span> <span class='ocrx_word' id='word_1_244' title='bbox 2208 3419 2562 3496; x_wconf 57' lang='lat' dir='ltr'>repudiarit-2</span> 
     </span>
     <span class='ocr_line' id='line_1_31' title="bbox 429 3524 2566 3606; baseline -0.001 -20"><span class='ocrx_word' id='word_1_245' title='bbox 429 3537 491 3586; x_wconf 85' lang='lat' dir='ltr'>at</span> <span class='ocrx_word' id='word_1_246' title='bbox 545 3529 606 3586; x_wconf 91' lang='lat' dir='ltr'>in</span> <span class='ocrx_word' id='word_1_247' title='bbox 666 3526 938 3606; x_wconf 83' lang='lat' dir='ltr'>bipartita</span> <span class='ocrx_word' id='word_1_248' title='bbox 994 3529 1253 3585; x_wconf 89' lang='lat' dir='ltr'>oratione</span> <span class='ocrx_word' id='word_1_249' title='bbox 1311 3524 1727 3584; x_wconf 86' lang='lat' dir='ltr'>substantivum</span> <span class='ocrx_word' id='word_1_250' title='bbox 1796 3535 1852 3584; x_wconf 92' lang='lat' dir='ltr'>et</span> <span class='ocrx_word' id='word_1_251' title='bbox 1908 3527 2244 3585; x_wconf 89' lang='lat' dir='ltr'>attributum</span> <span class='ocrx_word' id='word_1_252' title='bbox 2305 3531 2362 3583; x_wconf 77' lang='lat' dir='ltr'>in</span> <span class='ocrx_word' id='word_1_253' title='bbox 2426 3527 2566 3583; x_wconf 48' lang='lat' dir='ltr'>siuas</span> 
     </span>
     <span class='ocr_line' id='line_1_32' title="bbox 431 3631 2562 3712; baseline -0.002 -20"><span class='ocrx_word' id='word_1_254' title='bbox 431 3635 710 3692; x_wconf 84' lang='lat' dir='ltr'>enuntiati</span> <span class='ocrx_word' id='word_1_255' title='bbox 768 3642 958 3712; x_wconf 83' lang='lat' dir='ltr'>partes</span> <span class='ocrx_word' id='word_1_256' title='bbox 1015 3632 1359 3691; x_wconf 84' lang='lat' dir='ltr'>distribuere</span> <span class='ocrx_word' id='word_1_257' title='bbox 1412 3634 1668 3710; x_wconf 88' lang='lat' dir='ltr'>impense</span> <span class='ocrx_word' id='word_1_258' title='bbox 1734 3633 1973 3704; x_wconf 85' lang='lat' dir='ltr'>amavit,</span> <span class='ocrx_word' id='word_1_259' title='bbox 2042 3631 2279 3690; x_wconf 83' lang='lat' dir='ltr'>verbum</span> <span class='ocrx_word' id='word_1_260' title='bbox 2342 3635 2562 3687; x_wconf 73' lang='lat' dir='ltr'>finitum</span> 
     </span>
     <span class='ocr_line' id='line_1_33' title="bbox 428 3715 2566 3819; baseline -0.003 -21"><span class='ocrx_word' id='word_1_261' title='bbox 428 3742 658 3819; x_wconf 83' lang='lat' dir='ltr'>saepius</span> <span class='ocrx_word' id='word_1_262' title='bbox 703 3759 735 3797; x_wconf 92' lang='lat' dir='ltr'>e</span> <span class='ocrx_word' id='word_1_263' title='bbox 779 3740 1064 3797; x_wconf 90' lang='lat' dir='ltr'>sententia</span> <span class='ocrx_word' id='word_1_264' title='bbox 1105 3740 1378 3813; x_wconf 87' lang='lat' dir='ltr'>primaria</span> <span class='ocrx_word' id='word_1_265' title='bbox 1421 3739 1482 3795; x_wconf 92' lang='lat' dir='ltr'>in</span> <span class='ocrx_word' id='word_1_266' title='bbox 1527 3735 1923 3795; x_wconf 87' lang='lat' dir='ltr'>secundariam</span> <span class='ocrx_word' id='word_1_267' title='bbox 1966 3715 2330 3815; x_wconf 77' lang='lat' dir='ltr'>transposuit,</span> <span class='ocrx_word' id='word_1_268' title='bbox 2370 3739 2422 3791; x_wconf 72' lang='lat'>511</span> <span class='ocrx_word' id='word_1_269' title='bbox 2458 3739 2566 3791; x_wconf 35' lang='grc' dir='ltr'>τιτι]ὲ</span> 
     </span>
     <span class='ocr_line' id='line_1_34' title="bbox 428 3841 2566 3921; baseline -0.005 -17"><span class='ocrx_word' id='word_1_270' title='bbox 428 3845 713 3904; x_wconf 88' lang='lat' dir='ltr'>locatione</span> <span class='ocrx_word' id='word_1_271' title='bbox 755 3843 856 3904; x_wconf 75' lang='grc' dir='ltr'>διὰ</span> <span class='ocrx_word' id='word_1_272' title='bbox 898 3841 1083 3920; x_wconf 70' lang='grc' dir='ltr'><em>μέσου</em></span> <span class='ocrx_word' id='word_1_273' title='bbox 1127 3841 1199 3900; x_wconf 89' lang='lat' dir='ltr'>ad</span> <span class='ocrx_word' id='word_1_274' title='bbox 1256 3843 1547 3921; x_wconf 86' lang='lat' dir='ltr'>loquentis</span> <span class='ocrx_word' id='word_1_275' title='bbox 1604 3842 1863 3901; x_wconf 88' lang='lat' dir='ltr'>affectum</span> <span class='ocrx_word' id='word_1_276' title='bbox 1923 3842 2358 3919; x_wconf 77' lang='lat' dir='ltr'>significandum</span> <span class='ocrx_word' id='word_1_277' title='bbox 2406 3843 2566 3899; x_wconf 52' lang='lat' dir='ltr'>wald„</span> 
     </span>
     <span class='ocr_line' id='line_1_35' title="bbox 429 3947 2566 4030; baseline -0.003 -21"><span class='ocrx_word' id='word_1_278' title='bbox 429 3951 538 4009; x_wconf 89' lang='lat' dir='ltr'>sibi</span> <span class='ocrx_word' id='word_1_279' title='bbox 578 3952 792 4030; x_wconf 88' lang='lat' dir='ltr'>placuit</span> <span class='ocrx_word' id='word_1_280' title='bbox 837 3949 933 4030; x_wconf 85' lang='lat' dir='ltr'>(cf.</span> <span class='ocrx_word' id='word_1_281' title='bbox 967 3948 1295 4024; x_wconf 89' lang='lat' dir='ltr'>Pflugkium</span> <span class='ocrx_word' id='word_1_282' title='bbox 1342 3948 1415 4006; x_wconf 91' lang='lat' dir='ltr'>ad</span> <span class='ocrx_word' id='word_1_283' title='bbox 1460 3949 1664 4026; x_wconf 89' lang='lat' dir='ltr'>Eurip.</span> <span class='ocrx_word' id='word_1_284' title='bbox 1698 3947 1840 4006; x_wconf 88' lang='lat' dir='ltr'>Hec.</span> <span class='ocrx_word' id='word_1_285' title='bbox 1878 3948 2045 4028; x_wconf 89' lang='grc'>605).</span> <span class='ocrx_word' id='word_1_286' title='bbox 2116 3950 2346 4008; x_wconf 71' lang='lat' dir='ltr'>omniun</span> <span class='ocrx_word' id='word_1_287' title='bbox 2378 3959 2566 4003; x_wconf 64' lang='lat' dir='ltr'>:titivm</span> 
     </span>
     <span class='ocr_line' id='line_1_36' title="bbox 429 4041 2542 4135; baseline -0.003 -23"><span class='ocrx_word' id='word_1_288' title='bbox 429 4054 740 4135; x_wconf 82' lang='lat' dir='ltr'>Euripides</span> <span class='ocrx_word' id='word_1_289' title='bbox 798 4058 859 4112; x_wconf 92' lang='lat' dir='ltr'>in</span> <span class='ocrx_word' id='word_1_290' title='bbox 916 4054 1106 4114; x_wconf 86' lang='lat' dir='ltr'>verbis</span> <span class='ocrx_word' id='word_1_291' title='bbox 1164 4041 1493 4113; x_wconf 85' lang='lat' dir='ltr'>traiciendis</span> <span class='ocrx_word' id='word_1_292' title='bbox 1551 4055 1785 4111; x_wconf 88' lang='lat' dir='ltr'>minime</span> <span class='ocrx_word' id='word_1_293' title='bbox 1841 4054 2073 4128; x_wconf 86' lang='lat' dir='ltr'>attingit</span> <span class='ocrx_word' id='word_1_294' title='bbox 2128 4053 2426 4130; x_wconf 59' lang='lat' dir='ltr'>Sophoclis</span> <span class='ocrx_word' id='word_1_295' title='bbox 2482 4076 2542 4108; x_wconf 56' lang='lat' dir='ltr'>im</span> 
     </span>
     <span class='ocr_line' id='line_1_37' title="bbox 430 4157 2566 4238; baseline -0.003 -20"><span class='ocrx_word' id='word_1_296' title='bbox 430 4162 582 4238; x_wconf 84' lang='lat' dir='ltr'>piam</span> <span class='ocrx_word' id='word_1_297' title='bbox 629 4169 686 4219; x_wconf 89' lang='lat' dir='ltr'>et</span> <span class='ocrx_word' id='word_1_298' title='bbox 728 4164 1008 4219; x_wconf 90' lang='lat' dir='ltr'>curiosam</span> <span class='ocrx_word' id='word_1_299' title='bbox 1047 4160 1435 4237; x_wconf 88' lang='lat' dir='ltr'>diligentiam,</span> <span class='ocrx_word' id='word_1_300' title='bbox 1495 4157 1597 4217; x_wconf 89' lang='lat' dir='ltr'>sed</span> <span class='ocrx_word' id='word_1_301' title='bbox 1654 4168 1882 4237; x_wconf 87' lang='lat' dir='ltr'>praeter</span> <span class='ocrx_word' id='word_1_302' title='bbox 1941 4161 2193 4217; x_wconf 87' lang='lat' dir='ltr'>insuetas</span> <span class='ocrx_word' id='word_1_303' title='bbox 2237 4158 2362 4216; x_wconf 78' lang='lat' dir='ltr'>illas</span> <span class='ocrx_word' id='word_1_304' title='bbox 2410 4180 2566 4213; x_wconf 59' lang='lat' dir='ltr'>vsu-:1-</span> 
     </span>
    </p>
   </div>
  </div>
 </body>
</html>
