3034 4675
661 214 892 280 -160-

241 389 315 448 nihil
336 389 440 447 insueti
462 385 579 466 quidem
601 385 655 445 hae
676 387 707 445 in
725 384 891 465 parenthesi
913 391 956 442 est
984 385 1185 463 conspicuum,
1215 389 1313 439 tamen

242 497 318 554 inter
345 495 488 573 poeticum
517 500 716 552 ornamentum
745 499 823 549 certe
849 489 900 549 illa
925 498 968 549 est
988 486 1146 550 referenda
1186 506 1253 545 nam
1271 487 1314 544 sic

243 601 330 679 longa
342 599 392 660 illa
410 619 467 659 vox
481 593 805 674 βουκολιασδώμεσθα,
820 615 895 675 qnae
909 596 971 675 ipsa
988 602 1081 654 totum
1102 590 1313 652 hemistichium

244 705 361 787 implet,
398 702 435 763 ad
464 704 551 762 finem
581 704 736 782 repositum
767 705 799 761 in
828 703 920 782 primo
948 720 1033 760 versu
1062 708 1106 759 est
1133 696 1312 757 collocatum.

244 809 351 871 deinde
379 813 435 871 hoe
456 828 573 888 quoque
601 816 645 867 est
672 806 974 896 animadvertendum,
1004 809 1034 865 in
1061 805 1164 865 litteris
1189 803 1315 879 antiquis

244 916 389 978 interdum
418 914 604 995 parenthesin
630 915 716 973 nimis
744 913 831 989 longe
855 931 918 972 esse
938 912 1157 992 amplificatam,
1186 918 1219 968 ut
1247 928 1313 967 con·

244 1025 362 1085 structio
391 1027 420 1079 et
446 1039 541 1086 nexus
569 1022 776 1078 sententiarum
799 1020 1002 1098 perspicuitate
1025 1025 1130 1079 careat.
1173 1016 1230 1075 huc
1250 1034 1314 1095 per·

245 1131 318 1189 tinet
338 1123 438 1187 Iliadis
458 1125 537 1183 locus
558 1129 605 1188 III
628 1130 770 1192 59-64,
793 1144 916 1203 quorum
936 1142 1068 1182 versuum
1091 1122 1263 1203 implicatam
1285 1128 1316 1180 et
1377 1135 1385 1152 '

246 1234 341 1291 minus
360 1225 513 1304 dilucidam
528 1237 698 1289 structuram
712 1238 790 1288 recte
804 1229 889 1288 solvit
899 1227 1145 1306 Naegelsbaehius
1159 1230 1190 1287 in
1203 1226 1313 1290 adnott.

246 1336 284 1396 sd
312 1333 434 1394 Iliadem
463 1333 531 1394 edit.
560 1335 610 1393 alt.
640 1355 670 1414 p.
694 1339 754 1396 224
778 1354 821 1413 sq.
865 1336 986 1412 insignis
1014 1342 1111 1393 autem
1141 1342 1170 1392 et
1196 1332 1315 1391 auribus

247 1443 352 1503 nostris
383 1442 513 1500 insuetae
545 1436 684 1499 audaciae
716 1439 849 1519 exempla
887 1447 955 1498 sunt
986 1440 1083 1499 Noun.
1117 1439 1215 1499 Dion..
1239 1442 1315 1504 XlII

252 1553 412 1611 172-181
439 1554 468 1606 et
490 1545 561 1604 Hor.
586 1547 700 1624 epistl
727 1552 773 1617 15,
793 1551 904 1606 1-25.
939 1543 1039 1603 eodem
1060 1552 1191 1624 spectant
1212 1544 1316 1620 longae

248 1654 313 1712 illae
328 1651 519 1729 digressiones
531 1671 550 1709 a
564 1649 720 1711 Catullo
736 1658 766 1708 et
779 1649 941 1710 Tibullo
957 1648 1034 1708 haud
1047 1652 1088 1709 ita
1100 1670 1165 1710 raro
1179 1648 1314 1722 adscitae,

246 1779 311 1819 cum
339 1756 490 1816 incohatae
520 1756 680 1815 sententies
712 1757 833 1836 imperio
867 1756 966 1814 relicto
997 1758 1198 1833 cogitationem
1230 1759 1316 1817 inter-

247 1870 374 1943 ponunt,
400 1882 486 1938 quam
515 1860 604 1926 verba
625 1863 755 1941 proxime
777 1859 977 1920 antecedentia
1000 1870 1166 1936 moverunt,
1195 1882 1316 1939 eamque

247 1975 431 2028 contexentes
458 1966 517 2025 late
548 1969 760 2047 exspatiantur,
792 1966 846 2025 sub
874 1966 960 2025 finem
989 1976 1086 2025 autem
1106 1966 1144 2026 ad
1173 1970 1317 2048 inceptam

247 2082 417 2134 structuram
439 2071 570 2145 redeunt,
593 2092 649 2149 quo
672 2092 689 2132 e
709 2090 817 2150 genere
837 2080 905 2131 sunt
919 2072 981 2137 Cat.
1000 2078 1049 2145 65,
1066 2081 1083 2134 4
1100 2092 1172 2148 sqq,
1199 2071 1266 2134 Tib.
1285 2078 1317 2136 II

250 2187 278 2253 5,
304 2185 342 2241 ‘23
365 2198 444 2254 sqq„
470 2185 506 2238 71
532 2197 592 2254 sqq.
615 2179 653 2238 al.
702 2187 788 2254 atque
818 2185 896 2235 recte
923 2177 1043 2237 fortasse
1071 2177 1189 2255 colligas
1210 2180 1241 2237 in
1262 2177 1318 2236 hac

247 2305 362 2362 quoque
382 2285 518 2343 orationis
540 2284 765 2344 conformatione
778 2283 898 2342 Latinos
918 2285 1032 2364 penitus
1046 2283 1175 2343 hausisse
1189 2282 1316 2343 Alexan·

248 2391 397 2451 drinorum
417 2398 567 2469 poetarum
588 2392 735 2467 ingenium
761 2397 925 2468 artemque,
952 2409 1023 2465 quos
1044 2390 1137 2449 simile
1158 2389 1228 2466 quid
1248 2411 1317 2467 quo-

248 2496 314 2557 dam
340 2493 436 2554 studio
464 2503 630 2555 consecutos
658 2513 720 2555 esse
741 2496 826 2553 certis
847 2492 960 2554 indiciis
981 2498 1186 2573 cognoscimus.
1232 2499 1318 2555 etiam

154 2662 159 2671 ,
248 2601 319 2662 illud
341 2601 455 2660 silentio
477 2619 536 2657 non
561 2602 804 2679 praetermittam,
835 2598 912 2675 quod
935 2603 1115 2660 enuntiatum
1137 2601 1317 2681 parenthesis

248 2709 311 2767 loco
340 2707 464 2786 positum
494 2705 541 2762 hic
569 2704 628 2763 illic
655 2704 795 2763 vocabula
817 2714 879 2763 arte
899 2705 1081 2766 cohaerentia
1102 2710 1235 2785 seiungit
1280 2708 1316 2766 cf.
1342 2764 1343 2767 ,

248 2813 336 2890 Prop.
353 2816 399 2874 III
421 2809 490 2882 le,
509 2816 546 2871 37

301 2932 444 3023 ,credam
465 2950 518 3013 epo
543 2929 688 2993 numerati
708 2957 751 3015 χ-
773 2930 838 2994 noli
858 2931 1041 2994 eomneittere
1064 2968 1104 2980 -
1126 2936 1236 3009 fornae,

248 3057 275 3115 V
297 3059 325 3125 4,
351 3055 388 3111 73
405 3069 449 3129 sq.

437 3171 511 3233 urbi
530 3170 625 3252 festus
647 3183 713 3235 erat
736 3170 855 3252 (disere
877 3172 1000 3235 Parilia
1015 3183 1133 3255 potres,

437 3274 485 3337 tir
504 3276 625 3360 primm
647 3278 744 3361 coepit
766 3277 922 3340 moenibus
943 3277 1018 3358 ease)
1041 3278 1115 3342 dies.

252 3398 394 3458 difficilior
419 3407 516 3460 autem
545 3410 574 3460 et
602 3403 771 3462 insolentior
800 3411 843 3462 est
870 3404 1063 3481 interpositio,
1093 3402 1143 3462 uhi
1172 3413 1200 3463 et
1224 3401 1318 3480 quoad

250 3505 371 3564 formam
394 3516 422 3565 et
436 3505 532 3582 quoad
553 3526 669 3567 sensum
691 3506 766 3568 duae
787 3508 999 3566 enuntiationes
1019 3528 1137 3588 prorsus
1156 3518 1224 3569 sunt
1245 3512 1320 3569 inter

250 3631 282 3671 se
303 3629 403 3691 pures3
427 3611 516 3671 veluti
538 3613 640 3692 Eurip.
663 3613 752 3692 Hipp.
777 3617 838 3673 936
861 3630 904 3690 sq.

359 3736 416 3810 φεῦ
436 3737 492 3809 τῆς
512 3729 652 3810 epotetur
673 3766 715 3776 —
737 3736 793 3790 ποῖ
809 3729 1012 3812 apolloinem,
1032 3765 1075 3779 --
1096 3730 1220 3815 φρενός·

356 3833 389 3893 τί
407 3833 503 3916 τέρμα
524 3833 637 3914 τόλμης
658 3834 707 3895 καὶ
729 3833 866 3916 θράσους
886 3837 1058 3916 γενήσεταις

252 3978 294 4032 eo,
318 3958 395 4035 quod
411 3962 499 4021 verbe
512 3968 568 4021 ποῖ
585 3960 791 4043 nospitium,-
812 3964 842 4020 in
864 3961 985 4022 mediam
1008 3965 1178 4023 sententiam
1199 3963 1320 4023 alteram

252 4066 430 4141 inferuntur,
456 4070 544 4126 iratus
566 4079 594 4126 et
616 4070 755 4126 excitatus
776 4068 884 4127 Thesei
903 4072 1016 4129 animus
1036 4067 1115 4128 haud
1137 4070 1212 4130 mals
1232 4072 1320 4147 signi·
