3034 4675
569 253 861 328 ,1-19-

217 422 320 482 addito
342 421 414 494 illud
435 421 451 480 ὁ
466 419 502 482 δέ
512 432 650 502 tanquam
662 443 820 503 pronomen
837 422 1096 481 demonstrativum
1110 431 1292 502 usurparent.

219 531 258 592 cf.
281 531 383 609 Eurip.
407 527 486 591 Med.
515 536 566 589 141
594 548 659 606 sq.:

436 632 457 710 ἡ
479 628 508 691 δ’
530 630 561 691 ἓν
582 633 736 711 θαλάμοις
758 629 849 691 &diest
872 630 980 708 βιοτὰν

433 734 582 798 δέσποινα.

222 843 313 907 Arist.
328 844 447 906 Thesm.
470 849 540 906 505.
562 842 596 902 τὸ
618 839 652 902 δ’
675 839 805 925 εἰσέφερε
827 850 920 924 γραῦς
941 841 972 902 ἓν
990 840 1090 927 χύτρᾳ
1111 842 1145 901 τὸ
1167 843 1294 904 παιδίον.

223 949 307 1008 Aret
335 954 404 1009 149.
427 944 459 1007 αἲ
481 945 517 1007 δέ
536 970 594 1008 που
616 947 777 1027 ἀσταχύων
796 947 891 1007 κενεαὶ
914 946 1071 1029 φαίνονται
1092 947 1226 1029 ἄρουραι.
1300 997 1302 1000 .

223 1073 433 1133 nonnunquam
463 1055 549 1111 ctiam
577 1053 670 1113 solum
698 1052 722 1125 ὃ,
754 1053 895 1133 porticula
923 1051 960 1112 δέ
984 1074 1044 1113 non
1072 1053 1220 1127 adiuncta,
1255 1057 1295 1113 ita

224 1160 307 1218 initio
343 1160 484 1218 enuntiati
520 1159 695 1237 praefigitur,
736 1167 770 1217 ut
801 1157 880 1237 apud
914 1158 1292 1238 ApolloniumRhodium,

221 1285 311 1345 quem
333 1272 424 1324 totum
446 1283 483 1322 ex
505 1264 658 1324 Homerico
681 1283 813 1323 sermons
833 1263 961 1340 pendere
982 1272 1102 1336 conset,
1127 1266 1152 1338 Ι,
1172 1272 1249 1328 481:

352 1375 419 1429 τοῖα
442 1366 532 1450 φάτις
554 1368 603 1428 καὶ
626 1370 695 1440 τοὺς
717 1368 788 1449 πρὶν
809 1366 961 1449 ἐπιφλύειν
981 1367 1167 1450 μακάρεσσιν

352 1468 419 1546 υἷας
440 1469 615 1544 Ἀλωιάδας.
1249 1541 1251 1545 p

221 1581 276 1642 sed
297 1583 368 1640 haec
388 1579 535 1656 vulgaria3
571 1578 714 1639 liberioris
742 1597 811 1638 usus
838 1588 906 1637 suut
928 1599 962 1638 ea
984 1577 1131 1658 exempla,
1158 1578 1208 1638 ubi
1231 1601 1295 1659 pro·

224 1701 330 1747 nomen
352 1685 369 1764 ὁι
382 1686 513 1765 proxime
526 1683 563 1743 ad
584 1684 698 1743 articuli
712 1692 846 1753 naturam
859 1683 984 1744 accedit:
1007 1684 1104 1764 Apoll.
1121 1683 1214 1745 Rhod.
1232 1689 1291 1748 887

433 1789 473 1849 τὰ
494 1786 529 1848 δι’
549 1786 576 1849 οἳ
597 1784 644 1871 ῥέε
665 1787 785 1870 δάκρυα
802 1787 889 1866 χήτει
913 1787 1019 1860 ἰόντος.

223 1895 311 1956 Pauli
332 1896 488 1956 Silentiarii
515 1898 604 1975 epigr.
629 1895 721 1974 (anth.
744 1894 808 1953 Pal.
833 1895 871 1968 V,
897 1896 971 1975 250)

575 2000 613 2060 τὰ
635 1996 663 2072 ‘i'
686 2000 726 2072 ὡς
748 1999 892 2081 δροσερῆς
913 2001 972 2059 ἀπὸ
994 2008 1089 2080 πηγῆς

379 2104 496 2188 δάκρυα
516 2103 705 2189 μιγνυμένων
727 2112 816 2165 πῖπτε
838 2105 917 2165 κατὰ
938 2103 1106 2182 στομάτων.
1168 2097 1171 2105 ’

268 2213 378 2272 Moseh.
401 2213 471 2285 VII,
497 2220 530 2274 6:
555 2211 574 2270 ἁ
596 2207 624 2270 d'
647 2212 699 2271 οὐκ
724 2203 961 2271 attrectatae.

225 2318 352 2378 sufficiat
373 2319 445 2378 haec
464 2338 517 2397 pro
540 2316 638 2377 multis
657 2336 750 2397 pauca
768 2316 898 2377 attilisse
925 2316 972 2397 (cf.
995 2316 1105 2381 Ameis.
1127 2312 1164 2374 de
1185 2315 1298 2376 articuli

228 2444 285 2483 usu
304 2424 382 2504 apud
396 2432 498 2504 poetas
513 2422 691 2482 Graecorum
705 2424 859 2483 bucolicos.
874 2421 1088 2481 Muehlhousen
1104 2429 1191 2484 1846.
1208 2445 1235 2502 p.
1245 2430 1296 2484 40.

228 2530 287 2588 huc
322 2533 407 2589 etiam
442 2531 588 2609 pertinent
622 2530 770 2609 complura
805 2548 917 2601 eorum,
955 2548 1031 2608 quae
1066 2531 1298 2588 commemoravit

227 2632 438 2708 Schneiderus‚
468 2632 661 2694 Callimachca
680 2635 704 2708 Ι,
728 2657 757 2714 p.
783 2640 843 2696 356
864 2635 952 2715 sqq.).
995 2633 1026 2692 id
1047 2642 1143 2693 autem
1164 2634 1296 2693 omnibus

223 2757 377 2797 commune
398 2747 450 2812 est,
474 2737 553 2818 quod
575 2737 612 2797 ad
636 2739 857 2798 similitudinem
878 2740 1025 2799 Homerici
1045 2758 1114 2798 usus
1135 2747 1202 2797 sunt
1223 2758 1297 2797 com-

224 2852 335 2924 parata.
360 2844 413 2901 hoc
440 2865 530 2903 unum
552 2844 666 2903 silentio
689 2846 918 2923 praetermittere
938 2834 1098 2916 nonlicet,
1131 2842 1210 2922 quod
1231 2843 1296 2900 talis

222 2951 363 3008 orationis
393 2958 536 3023 structura
568 2952 598 3008 in
628 2948 754 3029 pedestri
785 2969 907 3027 ¹quoque
940 2968 1070 3008 sermone
1098 2948 1207 3007 adscita
1233 2967 1296 3008 esse

225 3051 356 3129 videtum
374 3057 405 3113 in
415 3054 597 3133 Thucydidis
614 3057 690 3112 enim
705 3053 779 3113 libro
790 3057 841 3127 VI,
857 3074 919 3134 cap.
934 3060 974 3115 22
986 3056 1039 3114 τὸν
1051 3053 1084 3115 δὲ
1098 3054 1147 3112 καὶ
1162 3051 1296 3113 αὐτόθεν

224 3164 326 3234 σῖτον,
356 3160 467 3241 πυροὺς
496 3159 546 3218 καὶ
576 3157 777 3241 πεφριγμένας
803 3159 924 3241 κριθὰς,
947 3159 1044 3240 ἄγειν,
1070 3162 1143 3218 sicut
1165 3159 1298 3220 inlibris

227 3267 429 3344 manuscriptis
457 3263 596 3323 traditum
626 3275 677 3340 est,
705 3262 840 3325 αὐτόθεν
868 3285 933 3324 cum
960 3264 1040 3346 ἄγειν
1065 3265 1297 3343 coniungendum
1340 3292 1342 3295 ’

224 3377 280 3441 est,
308 3368 387 3448 quod
415 3368 431 3427 ὁ
454 3369 504 3452 ναὶ
534 3368 667 3430 αὐτόθεν
697 3376 780 3441 σῖτος
807 3390 910 3448 graece
937 3371 993 3430 dici
1021 3373 1123 3451 nequit
1144 3371 1296 3448 Kruegero

226 3452 386 3534 rectissime
407 3473 580 3549 adnotant03
602 3479 700 3555 itaque
720 3479 745 3535 si
767 3474 853 3535 modo
867 3476 991 3536 librariis
1010 3477 1081 3535 fides
1096 3485 1139 3535 est
1154 3476 1296 3550 habenda,

227 3578 302 3638 illud
330 3579 384 3639 τὸν
412 3576 447 3639 δέ
474 3580 581 3639 indicat
609 3580 820 3640 substantivum
848 3588 931 3642 σῖτον
954 3586 1138 3663 epexegetice
1158 3581 1297 3641 additum.

226 3682 281 3744 eed
303 3704 367 3743 eum
390 3685 461 3743 haec
480 3686 638 3746 locutio-in
659 3707 746 3765 prosa
771 3690 899 3748 oratione
924 3709 1040 3769 prorsus
1070 3687 1223 3764 singularis
1251 3690 1297 3759 sit,

224 3809 296 3849 cum
314 3790 469 3868 Kruegero
491 3790 621 3851 codicum
644 3796 813 3872 scripturam
835 3802 1010 3853 commutare
1024 3802 1159 3872 praestat.

313 3894 398 3972 Quae
425 3899 558 3977 proxime
586 3895 622 3955 de
650 3902 820 3978 pronomine
849 3898 865 3958 ὃ
894 3901 1052 3976 generatim
1082 3899 1297 3979 disputavimus,

226 3997 266 4058 ad
287 4001 400 4059 articuli
422 4000 605 4083 hyperbaton
626 4008 742 4085 proprie
772 4025 832 4064 non
853 4006 1013 4084 pertinent3
1044 4004 1095 4063 sed
1120 4005 1192 4063 haec
1213 4005 1297 4061 attin-

225 4104 324 4182 genda
351 4106 434 4166 nobis
462 4107 649 4181 videbantur,
682 4110 762 4189 quod
783 4110 821 4170 ab
844 4109 1008 4169 hominibus
1036 4109 1127 4172 doctis
1148 4127 1234 4188 saepe
1256 4107 1298 4165 di-

438 4232 442 4240 .
1091 4209 1128 4260 2*
