3034 4675
639 275 828 338 „6-

199 454 228 504 et
258 444 384 524 quadam
416 445 556 503 suavitate
585 442 783 522 perfunditur,
820 461 896 523 quae
927 445 999 502 miro
1028 443 1154 522 quodam
1187 444 1275 504 modo

200 568 284 609 aures
305 548 436 607 delectat.
482 547 560 628 apud
582 557 683 627 poetas
705 547 816 608 accedit
824 548 990 616 [necessitas
1011 552 1112 620 metri,
1141 569 1217 628 quae
1244 558 1274 609 et

200 658 264 734 ipsa
296 653 408 733 aliquid
438 656 574 713 momenti
607 652 696 712 habet
732 650 889 722 insverbis
922 651 1117 732 disponendis.
1173 673 1272 712 verum

201 763 326 818 maxime
353 757 511 817 cavendum
541 765 599 831 cst,
631 777 668 817 ne
702 760 733 815 in
768 756 820 815 tali
855 758 1040 817 insolentiore
1072 760 1275 817 consecutione

171 859 173 862 ’
199 866 326 924 animum
348 865 434 922 nimis
456 861 638 921 advertamus
660 861 697 920 ad
719 854 904 921 numerorum
926 860 1165 932 commoditatem,
1190 864 1272 940 quasi

200 979 304 1050 poetae
324 970 498 1028 nesciverint
527 966 699 1042 elegantiam
723 986 859 1026 versuum
881 986 945 1025 cum
969 969 1107 1025 seimonis
1129 966 1277 1042 elegantia.

186 1076 384 1150 coniungere.
428 1073 514 1130 immo
537 1078 643 1130 natura
663 1072 757 1151 poesis
780 1072 837 1130 iam
859 1090 911 1151 per
932 1091 963 1130 se
984 1073 1056 1150 ipsa,
1079 1078 1176 1129 mente
1197 1090 1272 1130 com·
1335 1087 1337 1094 ¹

200 1186 277 1237 mota
307 1187 336 1237 et
366 1184 536 1253 assurgente
564 1176 661 1254 aliquo
691 1174 776 1235 modo
805 1179 950 1249 oratione,
988 1175 1025 1235 ad
1051 1173 1216 1234 liberiorem
1244 1183 1274 1232 et

157 1291 160 1296 “
198 1283 320 1343 solutam
348 1281 553 1344 vocabulorum
590 1282 693 1341 seriem
723 1279 872 1340 invitabat.
925 1284 956 1338 in
987 1282 1153 1339 universum
1185 1281 1276 1355 igitur

198 1386 415 1447 aestimantibus
445 1405 544 1445 omnes
571 1405 590 1444 a
617 1386 742 1444 naturali
772 1395 802 1445 et
827 1395 963 1446 consueto
986 1384 1139 1444 verborum
1171 1382 1273 1443 ordine

197 1491 351 1551 aberrandi
373 1510 476 1552 causae
498 1490 566 1549 inde
588 1490 672 1549 nobis
694 1490 838 1570 petendae
857 1499 933 1563 sunt,
956 1490 1035 1570 quod
1057 1492 1210 1568 scriptores
1225 1488 1272 1545 vel

198 1585 302 1675 poetae
331 1596 419 1655 verba
448 1594 590 1675 quaedam
620 1596 759 1671 insignire
787 1604 838 1655 aut
868 1595 1041 1673 elegantiam
1063 1593 1272 1670 artificiumque

201 1721 341 1781 quaerere
354 1711 412 1760 'aut
433 1721 566 1760 sonoram
587 1702 748 1758 orationem
762 1716 797 1758 ac
812 1700 983 1779 rhythmum
1000 1700 1113 1759 efficere
1127 1705 1178 1755 aut
1191 1695 1272 1755 deni·

197 1825 255 1884 que
277 1814 367 1865 metro
389 1804 543 1865 subvenire
564 1802 727 1869 studebant.
772 1804 1031 1884 quomodocunque
1052 1813 1149 1863 autem
1172 1820 1272 1861 resse

198 1910 294 1984 habet,
318 1931 377 1970 non
399 1910 582 1969 infitiandum
606 1917 649 1969 est
673 1907 851 1988 ‘hyperbato’
873 1930 925 1970 seu
947 1911 1143 1981 traiectione,
1167 1906 1273 1987 quibus

197 2014 362 2074 nominibus
392 2014 560 2075 insolentior
588 2012 741 2073 verborum
770 2013 919 2074 collocatio
947 2015 1138 2093 significatur,
1172 2011 1272 2070 lectori

199 2119 436 2198 impedimentum
452 2119 554 2178 afferri.
589 2118 706 2178 meliore
720 2118 888 2178 condicione
908 2122 999 2179 utitur
1020 2119 1143 2191 auditor,
1167 2119 1219 2196 qui
1241 2118 1272 2174 in

197 2224 344 2283 recitando
366 2224 478 2305 aliquid
498 2223 642 2284 commodi
663 2222 768 2296 habet,
799 2244 865 2283 cum
895 2224 1003 2284 bonum
1025 2231 1204 2301 anagnosten
1225 2221 1270 2279 vel

195 2339 343 2389 cantorem
365 2330 465 2390 deceat
486 2329 639 2389 artificiosa
662 2327 788 2409 quadam
809 2331 887 2390 vocis
909 2328 1106 2389 modulatione
1128 2338 1157 2387 et
1180 2346 1271 2408 pausa

196 2434 373 2494 intellectum
395 2433 540 2493 adiuvare.
568 2453 670 2492 verum
691 2454 784 2513 usque
809 2434 840 2493 id
868 2433 1082 2514 respiciendum
1111 2442 1170 2506 est,
1200 2452 1270 2491 num

144 2566 148 2573 ·
197 2559 290 2619 pauca
314 2549 342 2598 et
363 2540 446 2618 quasi
466 2537 597 2617 pondere
618 2538 736 2623 leviora,
754 2559 792 2596 an
814 2539 962 2619 complura
984 2547 1013 2597 et
1033 2539 1166 2616 graviora
1187 2556 1270 2596 voca·

199 2644 268 2704 bula
282 2646 432 2703 interiecta
447 2645 512 2701 sint.
541 2645 693 2702 nonenim
707 2645 764 2702 nisi
780 2642 874 2703 obiter
894 2644 983 2703 verba
1005 2646 1174 2704 necessitate
1195 2646 1272 2702 inter

196 2769 228 2809 se
243 2751 398 2808 'coniuncta
416 2747 615 2806 distrahuntur
630 2749 679 2821 eis,
696 2768 772 2827 quae
788 2750 866 2807 omni
880 2758 996 2807 careant
1014 2749 1157 2826 pondere3
1181 2747 1271 2806 multo

198 2864 294 2914 autem
316 2856 453 2914 maiorem
475 2851 638 2911 libertatem
661 2854 700 2911 eis
722 2853 793 2912 locis
814 2855 941 2932 conspici
956 2863 1085 2938 apparet,
1106 2853 1156 2913 ubi
1175 2853 1271 2911 verbis

196 2960 338 3018 artissimo
360 2960 486 3019 notionis
507 2956 622 3016 vinculo
644 2957 864 3017 cohaerentibus
886 2957 1048 3036 ponderosa
1063 2958 1203 3017 vocabula
1223 2956 1270 3015 vel

197 3066 334 3122 orationis
356 3062 484 3122 membra
506 3063 564 3120 sint
582 3064 759 3139 interposita.

284 3168 361 3226 Huic
383 3167 510 3227 liberiori
532 3167 663 3228 Graecae
684 3176 714 3225 et
726 3169 874 3227 Romanae
893 3169 1057 3245 linguarum
1078 3166 1269 3241 collocationi,

197 3274 329 3351 quamvis
350 3275 410 3332 eius
433 3274 594 3333 observatio
610 3275 772 3332 necessaria
789 3276 827 3331 sit
849 3255 885 3367 ed
907 3282 937 3332 at
959 3270 1158 3350 cognoscenda
1172 3271 1269 3331 discri-

197 3379 275 3435 mina
297 3378 403 3456 quibus
426 3388 556 3458 tempora
578 3381 653 3440 inter
675 3398 706 3437 se
727 3377 836 3438 distant
861 3387 891 3437 et
911 3377 949 3436 ad
970 3378 1108 3436 lectiones
1130 3377 1270 3436 librorum

197 3481 412 3558 diiudicandae,
441 3473 501 3543 non
530 3486 599 3542 satis
627 3502 713 3542 curae
743 3485 905 3562 impensum
927 3500 991 3541 esse
1012 3483 1195 3541 manifestum
1217 3490 1268 3540 est.

196 3607 264 3645 nam
285 3607 303 3644 a
324 3586 456 3666 plurimis
484 3589 556 3648 haec
584 3608 631 3647 res
658 3596 708 3646 aut
729 3587 843 3647 silentio
863 3590 1101 3667 praetermittitur
1121 3596 1173 3647 aut
1194 3608 1269 3647 sum·

195 3694 295 3750 metim
324 3692 506 3774 breviterque
535 3696 678 3771 tangitur,
707 3713 725 3750 a
753 3694 853 3770 paucis
879 3712 916 3750 ex
940 3701 1022 3772 parte
1043 3691 1229 3767 adumbrata,
1252 3713 1270 3751 a

196 3799 312 3855 nemine
332 3806 393 3857 tota
414 3808 588 3878 pertractata
610 3808 661 3857 est.
689 3800 788 3883 itaque
810 3815 915 3876 operae
937 3800 1061 3877 pretium
1083 3799 1187 3857 facturi
1208 3816 1272 3856 esse

196 3902 280 3961 nobis
309 3902 448 3976 videmur,
478 3906 502 3962 si
531 3902 568 3962 de
598 3903 653 3962 hac
679 3912 763 3983 parte
790 3902 877 3982 paulo
907 3903 1024 3963 uberius
1051 3885 1268 3982 disputabimus.

196 4016 285 4086 atque
306 4008 389 4068 video
412 4008 573 4088 complures
595 4008 726 4069 homines
752 4006 880 4067 eruditos
905 4010 936 4067 in
958 4009 1012 4067 hac
1034 4018 1111 4066 terra
1132 4016 1270 4086 tanquam
