3034 4675
652 262 885 325 -122—

235 434 309 511 cipio
338 440 492 510 regtmtur,
523 433 688 511 frequenter
717 432 840 491 inveniri
868 433 1048 491 traiectiones
1074 433 1143 491 satis
1165 429 1305 492 difficiles.

235 535 313 616 apud
335 537 455 597 Latinos
476 536 581 596 similia
601 536 756 617 hyperbati
774 556 881 613 genera
902 555 1041 616 perquam
1062 556 1126 596 raro
1142 545 1306 609 occurrunt,

235 643 356 701 fortasse
385 661 419 701 ea
447 640 484 700 de
511 660 609 716 causa,
640 641 727 722 quod,
748 644 779 701 in
807 643 978 703 Latinorum
1006 661 1136 701 sermone
1163 642 1305 721 participii

234 748 408 807 constructio
430 746 520 805 multo
543 750 637 807 minus
660 756 703 807 est
724 749 914 827 frequentata.
952 766 1127 828 quamquam
1148 749 1205 805 iarn
1226 744 1306 826 apud

235 851 370 911 Plautum
398 853 472 911 hanc
498 851 662 912 libertatem
682 852 837 913 admissam
858 853 948 914 habes
973 852 1036 911 Mil.
1059 851 1098 929 gl.
1121 851 1169 911 III
1195 859 1220 926 1,
1243 857 1304 913 204

442 977 478 1019 ae
500 978 548 1019 me
568 960 696 1021 surdum
717 959 881 1022 verberans
903 962 953 1035 fac
974 958 1070 1031 αηνὶε,

234 1060 285 1120 ubi
311 1059 432 1139 simplex
454 1061 607 1122 verborum
628 1065 792 1124 consecutio
814 1064 886 1122 haec
908 1071 951 1122 est
981 1069 1028 1121 ‘ne
1056 1082 1102 1121 me
1123 1059 1241 1120 surdum
1262 1061 1307 1119 fac

234 1153 388 1225 uerberans
410 1169 507 1226 auris'.
544 1187 639 1247 neque
659 1168 744 1229 aliter
766 1168 935 1228 conformati
957 1176 1025 1226 sunt
1038 1168 1178 1227 Varronis
1192 1166 1307 1227 Reatini

234 1290 334 1330 versus
357 1270 422 1351 (sat.
445 1272 576 1353 Menipp.
602 1294 646 1332 nr.
671 1280 742 1346 218,
765 1296 794 1354 p.
823 1278 879 1336 185
902 1272 1074 1354 Buecheler)

383 1398 493 1460 uosque
515 1355 548 1439 la
570 1377 697 1461 theatro,
719 1380 774 1464 qai
793 1380 978 1464 uoluptatem
999 1378 1127 1440 auribus

382 1482 440 1543 luo
460 1493 647 1565 aucupatam
668 1485 903 1549 concucurristia
925 1487 1026 1558 domo,

384 1589 495 1660 adeste,

235 1694 288 1751 etsi
318 1691 376 1752 illic
397 1693 540 1773 participii
569 1695 631 1751 vice
659 1695 789 1771 fungitur
818 1697 976 1774 suspinum.
1021 1694 1107 1753 etiam
1135 1691 1308 1772 posteriores

234 1797 429 1857 Romanorum
458 1806 577 1877 poetae,
607 1800 658 1876 qni
684 1801 715 1857 in
744 1802 909 1859 universum
931 1797 1048 1877 quidem
1075 1798 1223 1857 liberiores
1244 1813 1306 1852 ver-

234 1902 337 1962 borum
359 1902 560 1963 collocationes
582 1906 706 1963 maxime
723 1904 952 1983 frequentarunt,
975 1907 1006 1963 in
1022 1904 1076 1963 hoc
1095 1922 1201 1981 genere
1215 1919 1307 1981 pauca

235 2005 376 2086 praebent
397 2009 539 2087 exempla.
583 2009 618 2067 cf.
641 2010 728 2088 Prop.
752 2013 798 2072 ΙΙΙ
822 2009 898 2082 aab,
923 2016 959 2072 31

320 2115 374 2195 qai
393 2136 471 2176 nunc
493 2136 524 2176 se
546 2115 579 2177 ia
599 2116 748 2178 tumidum
770 2115 913 2178 iactando
936 2114 1015 2177 veuit
1034 2113 1188 2191 bonorem,
1243 2151 1244 2154 =

234 2217 288 2279 Or.
311 2226 378 2276 met.
400 2220 477 2281 XIII
501 2224 559 2281 397

319 2323 420 2388 littera
457 2325 624 2388 commanis
660 2323 769 2388 mediis
799 2345 957 2408 pueroque
993 2323 1117 2408 oa'roqae

321 2430 471 2512 iuscripta
494 2440 537 2493 est
557 2431 648 2506 foliis.

234 2535 290 2594 hae
327 2543 421 2594 certae
454 2542 520 2592 sunt
558 2537 707 2595 intricatae
742 2537 957 2615 participiorum
991 2536 1224 2595 constructiones.
1269 2530 1308 2592 de

234 2637 331 2699 Ovidii
353 2658 438 2699 versu
458 2640 519 2698 her.
544 2640 571 2699 V
595 2648 633 2703 59

443 2745 520 2807 cotia
541 2766 612 2829 erqo
633 2747 707 2808 meis
729 2745 935 2810 obtrectatore
957 2747 1071 2824 radiata

235 2868 409 2928 quamquam
431 2850 501 2908 mihi
523 2849 659 2924 diffidam,
682 2851 826 2930 proferam
848 2860 953 2926 tamen,
984 2851 1062 2932 quod
1084 2850 1154 2910 mihi
1176 2851 1207 2907 in
1228 2869 1307 2907 men-

234 2964 293 3013 tem
316 2956 402 3013 venit.
447 2958 591 3032 coniunge
622 2958 702 3014 ‘votis
725 2959 796 3015 meis
817 2955 946 3015 rediture
965 2956 1014 3016 elii
1036 2955 1143 3016 redisti'
1168 2963 1197 3013 et
1224 2957 1308 3014 ‘votis

233 3059 312 3118 meis'
346 3056 454 3118 dictum
486 3079 548 3120 esse
575 3082 627 3141 pro
658 3061 737 3119 ‘mihi
765 3056 889 3121 voventi'
920 3082 1031 3121 censeo.
1084 3059 1135 3120 sed
1168 3062 1306 3119 incertam

235 3182 297 3222 esse
319 3167 489 3224 sententiam
512 3186 571 3225 non
586 3165 710 3226 diffiteor
731 3187 828 3247 neque
847 3168 973 3244 graviter
993 3168 1093 3241 feram,
1117 3168 1140 3225 si
1163 3169 1229 3246 quis
1244 3185 1308 3224 eam

236 3273 446 3350 contempserit.

320 3376 420 3436 Placet
447 3376 622 3455 subiungere
643 3354 955 3436 brevem'mentionem
979 3395 1077 3435 earum
1099 3378 1306 3449 traiectionum,

238 3501 312 3562 quae
336 3481 519 3542 inabsoluta
540 3484 756 3563 participiorum
778 3485 989 3543 constructione
1009 3485 1205 3545 inveniuntur.
1241 3489 1310 3540 ante

236 3588 333 3647 omnia
355 3587 411 3646 hnc
433 3590 559 3667 pertinet
581 3607 615 3646 ea
634 3587 829 3648 collocationis
850 3589 950 3662 forma,
975 3609 1033 3668 qua
1053 3587 1213 3648 subiectum
1228 3587 1310 3646 verbi

234 3693 317 3765 finiti,
341 3690 420 3771 quod
443 3712 480 3751 ex
502 3697 661 3753 sententiae
682 3696 795 3752 ratione
818 3694 902 3751 etiam
924 3694 961 3753 ad
986 3696 1169 3775 participium
1190 3700 1308 3773 spectat,

235 3798 301 3857 huic
323 3799 523 3878 interponitur.
560 3798 640 3878 quod
661 3818 727 3857 cum
747 3798 873 3878 pedestri
888 3803 1141 3879 quoqneorationi
1162 3800 1310 3879 proprium

235 3905 281 3974 sit,
311 3906 472 3962 accuratius
501 3913 625 3962 tractare
654 3914 683 3963 et
713 3904 853 3984 exemplis
874 3904 1017 3965 illustrare
1038 3908 1175 3964 omittam.
1219 3906 1311 3962 maior

239 4016 335 4066 autem
362 4007 482 4067 audacia
503 4012 677 4090 conspicitur
705 4009 762 4070 illis
783 4010 870 4084 locis,
900 4010 1005 4091 quibus
1031 4013 1107 4069 Inter
1127 4011 1310 4089 participium

237 4113 399 4172 absolutum
422 4122 451 4174 et
472 4113 632 4175 subiectum
654 4114 766 4194 periodi
787 4116 868 4175 nulla
888 4115 1069 4176 necessitudo
1092 4113 1252 4188 intercedit,
1278 4123 1311 4182 ut

1337 4066 1341 4079 r

1429 4558 1437 4572 Ι

1407 4588 1413 4603 q
1436 4580 1441 4599 l

1364 4598 1482 4651 :Aa
