3034 4675
1262 244 1691 307 -61--

403 412 770 469 mentationis
798 411 1002 471 abesse
1030 412 1274 486 videtur,
1315 432 1447 472 cum
1489 414 1633 472 tales
1676 414 2039 473 traiectiones
2083 417 2415 494 saepissime
2456 419 2541 475 in-

399 519 706 575 veniantur
762 536 953 597 neque
1010 520 1072 576 in
1127 538 1432 580 numerum
1475 522 1665 578 minus
1708 522 2046 578 usitatorum
2090 520 2544 600 hyperbatorum

402 624 519 680 sint
560 622 911 682 referendae.
970 631 1220 683 ceterum
1262 622 1396 682 vide
1425 625 1645 684 Holtzii
1690 633 1843 702 synt.
1889 646 1947 703 p.
1982 629 2097 687 221
2150 635 2209 684 et
2235 627 2541 701 Naekium‚

401 730 657 787 carmina
683 728 905 787 Valerii
941 728 1174 788 Catonis
1203 752 1261 809 p.
1285 733 1639 792 295—302.
1700 730 1809 788 hoc
1836 750 2016 789 unum
2051 730 2237 790 obiter
2279 731 2542 801 moneb0,

397 834 644 893 eandem
688 854 812 893 esse
862 835 1160 907 rationem,
1203 834 1305 893 ubi
1347 836 1462 894 alia
1504 834 1801 908 vocabula,
1848 855 1999 913 quae
2041 834 2115 893 ab
2159 837 2321 894 initio
2367 856 2544 895 enun-

405 942 528 999 tiati
573 940 840 999 collocari
878 938 1108 1011 debent,
1155 941 1217 997 in
1260 939 1510 999 mediam
1556 943 1873 999 orationem
1914 940 2433 1017 transgrediuntur,
2480 952 2545 1001 ut

401 1065 720 1127 pronomen
749 1047 1236 1121 interrogativum.
1298 1046 1479 1105 cuius*
1501 1048 1563 1103 in
1602 1047 1935 1104 traiectione
1979 1045 2329 1123 singularem
2370 1047 2542 1105 licen·

393 1153 541 1216 ¹tiam
583 1150 824 1208 adscivit
863 1148 1109 1229 Satyrus
1153 1153 1214 1209 in
1257 1154 1668 1231 epigrammate
1710 1151 1869 1210 anth.
1914 1151 2079 1210 Plan.
2138 1158 2272 1225 159,
2324 1157 2358 1211 2

1101 1274 1431 1355 αἰθομένης
1472 1275 1681 1355 ἥψατο
1724 1275 1815 1346 τίς
1858 1272 2192 1357 weston&

407 1400 508 1459 ubi
553 1409 610 1458 et
651 1402 839 1480 ipsum
881 1400 1121 1459 verbum
1159 1402 1384 1460 finitum
1426 1405 1753 1481 pronomini
1792 1400 2169 1482 praeeedit1).

574 1543 856 1601 Maiorem
899 1552 1089 1602 autem
1135 1541 1360 1614 ordinis,
1395 1544 1703 1604 verborum
1760 1544 2083 1603 libertatem
2127 1563 2400 1620 agnes-ees
2420 1589 2432 1613 Ἴ
2496 1549 2544 1601 ei

403 1650 863 1721 coniunctioneS,
913 1667 1062 1726 quae
1105 1650 1402 1707 enuntiata
1444 1652 1717 1728 primaria
1759 1658 1860 1708 aut
1900 1649 2011 1708 sibi
2052 1652 2213 1728 paria
2256 1649 2540 1729 copulant,

406 1756 468 1811 in
507 1754 762 1812 alienum
802 1753 992 1813 locum
1039 1756 1309 1811 traiectae
1346 1753 1620 1829 leguntur
1639 1799 1653 1828 ‚
1700 1758 1860 1814 cuius
1907 1754 2316 1835 particularum
2372 1757 2540 1813 eelle-

402 1861 644 1918 eationis
687 1879 858 1919 causa
901 1862 962 1917 in
1006 1861 1131 1937 ipsa
1159 1861 1528 1937 antiquarum
1558 1859 1884 1936 linguarum
1913 1868 2120 1919 natura
2150 1869 2324 1938 atque
2352 1861 2544 1917 indele

402 1963 736 2044 quaerenda
766 1985 888 2025 esse
917 1964 1162 2023 videtur.
1234 1983 1362 2022 cum
1393 1964 1528 2022 huic
1558 1967 1642 2022 rei
1672 1967 1786 2023 iam
1814 1965 1889 2023 ab
1914 1965 2046 2040 ‚aliis
2090 1965 2328 2023 multum
2376 1985 2544 2021 eurae

406 2056 727 2149 impensum
771 2090 894 2130 esse
931 2070 1243 2141 videamuS,
1277 2089 1382 2128 nos
1424 2072 1486 2127 in
1525 2069 1633 2127 hac
1673 2078 1837 2149 parte
1880 2090 2053 2149 quam
2094 2072 2344 2129 maxime
2388 2081 2544 2149 pete-

403 2176 581 2233 rimus
609 2175 1011 2256 compendium
1051 2177 1254 2233 facturi
1298 2184 1558 2232 extrema
1599 2182 1820 2232 tantum
1867 2175 2212 2234 lineamenta
2256 2177 2540 2233 dueemue.

403 2287 578 2359 atque
635 2283 883 2361 primum
941 2280 1177 2363 quidem
1231 2279 1512 2360 particula
1566 2278 1660 2356 τέ,
1736 2301 1885 2361 quae
1942 2283 2174 2362 proprie
2231 2281 2544 2341 seeundum

404 2387 593 2445 locum
637 2387 873 2461 obtinet,
934 2387 1092 2448 haud
1144 2407 1273 2446 raro
1333 2395 1463 2465 post
1518 2387 1687 2465 plura
1741 2386 2020 2446 vocabula
2062 2387 2388 2446 collocatur.
2472 2393 2540 2443 ef.

407 2494 578 2552 Hom.
621 2494 691 2552 Il.
738 2498 791 2556 V
837 2498 958 2556 442

591 2609 920 2677 ἀθανάτων
961 2637 1026 2676 τε
1072 2619 1238 2676 θεῶν
1279 2613 1472 2692 χαμαὶ
1518 2610 1850 2695 ἐρχομένων
1894 2610 1948 2674 τ’
1994 2611 2356 2696 ἀνθρώπων.

408 2743 469 2797 in
513 2739 791 2819 exemplis
832 2741 913 2798 ita
953 2742 1290 2819 comparatis
1335 2737 1495 2817 quod·
1537 2735 1609 2800 τέ
1645 2740 1813 2797 tertio
1857 2739 1982 2796 loco
2029 2746 2115 2796 est
2155 2741 2420 2816 positum.
2468 2737 2544 2793 fe*

403 2845 516 2903 eile
561 2849 819 2904 excusari
863 2853 1083 2924 potest,
1139 2864 1266 2902 cum
1309 2834 1530 2923 primae
1574 2842 1724 2902 duae
1762 2862 1929 2901 voces
1971 2864 2091 2902 non
2133 2842 2540 2912 discemautmg

406 2949 510 3009 sed
568 2953 628 3008 in
685 2961 859 3009 unam
915 2953 1207 3009 notionem
1264 2949 1600 3008 coalescant.
1689 2957 1749 3008 at
1797 2949 1941 3007 haec
1998 2950 2140 3006 ratio
2200 2968 2316 3005 nen
2360 2969 2544 3026 neque

579 3197 620 3262 1)
664 3200 786 3248 Huc
831 3199 987 3247 etiam
1027 3206 1145 3262 apte
1192 3199 1486 3246 revocanda
1534 3205 1671 3246 esset
1710 3199 2027 3259 pronominis
2070 3194 2460 3244 demonstret-ivi
2512 3190 2540 3242 ti

411 3288 480 3339 δέ
504 3288 795 3350 collocatiO,
842 3303 998 3349 quam
1023 3289 1352 3336 Froehnerus
1385 3285 1599 3344 (Philol.
1626 3286 1805 3349 Suppl.
1830 3282 1884 3336 V
1916 3288 1934 3336 1
1966 3302 2015 3348 p.
2036 3288 2066 3336 9
2096 3282 2193 3346 sq.)
2224 3283 2544 3334 intellexisse

406 3379 508 3427 sibi
544 3379 748 3427 videtur
782 3377 839 3426 in
873 3377 1136 3440 Antiphili
1171 3377 1537 3440 epigrammate
1573 3376 1716 3423 anth.
1750 3375 1896 3423 Plan.
1943 3375 2055 3436 147,
2098 3376 2126 3424 5
2162 3388 2239 3434 sq.

708 3480 787 3551 χά
822 3483 929 3553 μὲν
965 3479 1083 3536 ἀπὸ
1121 3485 1416 3535 σκοπέλοιο
1446 3484 1599 3552 χαλᾷ
1634 3478 1842 3544 πόδας,
1878 3476 2054 3547 ἠθάδι
2092 3475 2268 3547 νάρκᾳ

781 3571 1004 3639 νωθρὸν
1043 3566 1074 3624 ὁ
1115 3571 1178 3624 δὲ
1213 3569 1467 3642 μναστὴρ
1504 3575 1868 3642 νυμφοκομεῑ
1902 3566 1964 3622 τὸ
1997 3574 2179 3641 γέρας,

407 3685 452 3733 si
489 3683 700 3744 quidem
734 3689 873 3730 recte
894 3682 972 3731 ita
1003 3681 1410 3744 interpunxisset
1445 3684 1750 3731 orationem.
1804 3684 1897 3730 sed
1920 3681 2076 3730 valde
2101 3695 2296 3738 vereor.
2336 3693 2392 3726 ut:
2428 3682 2544 3730 telis

410 3772 607 3821 traiecti
645 3770 967 3832 pronominis
1007 3763 1036 3818 ὁ
1076 3766 1166 3831 δέ,
1217 3770 1302 3820 cui
1339 3772 1535 3833 primus
1573 3771 1860 3820 sententiae
1894 3770 2040 3818 loeus
2078 3770 2280 3817 dandus
2320 3782 2424 3830 est,
2472 3770 2544 3814 in*

408 3861 632 3909 solentia
678 3856 919 3923 exemplo
958 3860 1066 3908 ullo
1097 3860 1420 3922 comprobari
1455 3860 1635 3922 possit.
1684 3862 1749 3908 de
1786 3859 2147 3907 emendatione
2182 3867 2352 3907 autem
2396 3858 2544 3902 huius

409 3949 621 3997 distichi
675 3964 783 3997 non
836 3956 1053 3998 constat.
1123 3956 1366 4011 ceterum,
1426 3951 1566 4010 quod
1613 3948 1748 4010 fugit
1791 3946 2171 4008 Froehnerum‚
2226 3950 2540 4010 epigramma

409 4037 706 4087 retractavit
742 4039 1017 4101 Diltheyus
1064 4037 1120 4085 in
1164 4037 1338 4086 indice
1385 4039 1667 4087 lectionum
1705 4035 1935 4097 Gotting.
1988 4031 2202 4087 1881l82
2245 4050 2292 4096 p.
2332 4038 2376 4086 Ξ·-
2456 4050 2544 4082 [ιιιτ

410 4130 630 4187 perrime
668 4127 733 4175 de
776 4141 838 4175 eo
875 4125 1158 4188 disputavit
1194 4126 1418 4176 Weilius
1457 4128 1514 4177 in
1550 4127 1679 4175 Rev.
1718 4127 1780 4172 de
1820 4125 2002 4188 philol.
2046 4125 2173 4176 1885
2209 4140 2257 4187 p.
2304 4126 2416 4174 lei.
