3034 4675
632 306 671 318 -
718 237 779 336 ier
823 307 859 317 -

214 443 372 500 attentione
404 450 433 500 et
459 441 547 501 verba
575 442 759 502 construendi
788 442 896 501 labore.
940 445 1030 501 oratio
1060 444 1135 502 enim
1164 440 1281 519 grandis

211 554 300 625 atque
329 546 418 621 olata,
459 545 603 606 interdum
630 549 735 608 furoris
764 547 855 607 divini
883 547 1010 607 afflatum
1040 547 1176 607 simulans
1207 547 1281 606 ultra

212 652 339 727 vulgaris
372 653 540 711 elocutionis
572 651 644 712 fines
681 655 800 713 licenter
837 663 982 729 evagatur,
1034 652 1144 714 accedit
1178 653 1281 729 longus

211 756 322 836 periodi
356 758 496 830 ambitus,
528 758 579 837 qui
607 777 638 816 se
668 758 780 818 facilem
807 757 965 838 praebebat
993 757 1029 815 ad
1059 758 1173 835 singula
1199 777 1280 816 voca·

212 862 281 921 bula
296 862 442 922 liberrime
462 881 514 942 per
537 882 637 944 versus
658 863 810 923 turbanda.
848 873 881 922 ut
894 864 1034 922 nonnulla
1059 865 1215 939 insigniora
1244 882 1281 920 ex

211 970 253 1026 eis
281 987 357 1046 quae
385 967 593 1047 disputavimus
622 969 746 1028 breviter
767 973 955 1047 attingamus,
982 988 1115 1044 magnam
1137 968 1280 1027 licentiam

210 1075 364 1153 assumpsit
386 1076 417 1131 in
438 1074 599 1153 hyperbato
621 1077 883 1154 praepositionum,
910 1095 982 1154 quas
1011 1073 1179 1154 ponderosis
1199 1093 1280 1132 voca·

179 1255 181 1259 ,
211 1177 287 1237 bulis
308 1199 326 1236 a
341 1180 505 1239 nominibus
524 1179 682 1260 discerpsit,
698 1189 787 1259 atque
810 1180 884 1238 banc
905 1179 1065 1239 libertatem
1087 1201 1140 1259 pro
1161 1198 1280 1238 numero

210 1283 301 1342 multo
330 1286 443 1363 saepius
468 1284 524 1343 sibi
554 1287 685 1365 permisit
716 1306 803 1365 quam
833 1295 936 1363 poetae
965 1287 1065 1363 tragici
1093 1288 1124 1343 in
1154 1286 1279 1343 canticis.

212 1386 317 1447 deinde
339 1388 517 1448 substantiva
540 1400 568 1449 et
590 1391 730 1450 attributa
750 1391 981 1449 artificiosissime
1002 1389 1164 1470 dissipavit,
1189 1393 1228 1448 ita
1249 1398 1281 1448 ut

211 1514 419 1572 nonnunquam
435 1498 578 1554 sententia
593 1495 767 1575 perobscura
781 1506 810 1554 et
820 1496 950 1556 consulto
964 1496 1131 1555 abscondita
1141 1494 1279 1553 videatur.

210 1602 306 1658 omnia
335 1600 394 1658 fere
424 1599 552 1660 eiusdem
580 1604 720 1661 enuntiati
743 1602 872 1662 membra
901 1602 1000 1661 crebro
1030 1602 1175 1678 eleganter
1196 1600 1280 1659 simul

210 1713 239 1763 et
268 1704 425 1763 insolenter
457 1709 531 1765 inter
560 1726 591 1765 se
618 1708 763 1787 implicata
792 1711 888 1787 posuit
916 1710 1004 1787 atque
1025 1727 1101 1786 quae
1121 1708 1281 1765 sententiae

209 1813 364 1890 primariae
393 1810 566 1871 includenda
595 1821 692 1883 erant,
718 1832 752 1870 ea
774 1812 809 1871 ad
832 1816 1020 1893 oppositionis
1041 1816 1099 1871 vim
1119 1810 1279 1889 augendam

209 1919 362 1995 primariae
376 1917 518 1995 praefixit.
553 1918 628 1976 hano
647 1939 734 1997 quam
748 1922 917 1996 agnovimus
932 1922 962 1977 in
978 1918 1073 1978 verbis
1095 1915 1280 1996 disponendis

211 2019 330 2080 Pindari
352 2008 497 2081 licentiam
520 2026 543 2081 si
566 2027 630 2102 quis
653 2025 861 2104 comparaverit
882 2045 945 2084 cum
967 2023 1123 2102 Aeschyli,
1152 2022 1280 2102 aequalis

212 2128 283 2198 eins,
307 2127 522 2200 consuetudine,
545 2148 633 2206 quam
654 2129 703 2188 ille
725 2133 754 2188 in
777 2131 884 2189 melicis
906 2139 1020 2188 secutus
1039 2138 1090 2199 est,
1114 2127 1190 2187 haud
1212 2147 1281 2186 sane

209 2230 281 2290 falso
297 2234 418 2290 coniciet
432 2232 468 2290 ad
484 2231 603 2291 Pindari
615 2234 763 2293 audaciam
779 2235 955 2314 Aeschylum
971 2237 1088 2293 minime
1101 2235 1278 2313 processisse.

297 2339 359 2397 Iam
386 2336 475 2398 delati
503 2360 602 2398 sumus
630 2338 667 2397 ad
690 2340 867 2400 Graecorum
896 2351 995 2420 poetas
1020 2343 1150 2417 tragicos.
1193 2348 1281 2418 atquc
1372 2396 1379 2413 ,

210 2446 299 2515 ratio,
329 2464 405 2522 quae
426 2447 501 2503 inter
522 2454 580 2504 tres
602 2445 666 2503 illos
687 2447 812 2521 tragicae
834 2466 932 2505 musae
953 2449 1097 2526 principes
1121 2443 1279 2514 intercedit,

211 2552 235 2608 si
264 2551 428 2608 universam
457 2570 555 2609 eorum
583 2559 672 2609 artem
698 2553 837 2629 poeticam
860 2555 1003 2630 respicis,
1017 2549 1118 2609 eadem
1142 2552 1227 2608 etiam
1251 2552 1280 2608 in

210 2655 398 2715 collocatione
419 2656 572 2715 verborum
593 2656 690 2734 aliquo
720 2655 805 2715 modo
827 2659 1016 2734 cognoscitur.
1057 2677 1121 2715 curn
1143 2655 1279 2733 Aeschyli

208 2760 311 2837 grandi
327 2762 412 2821 simul
427 2782 459 2819 ac
474 2780 572 2839 severo
587 2760 700 2819 dicendi
716 2781 822 2838 genere
848 2762 897 2842 (cf.
910 2762 1026 2838 Bergkii
1041 2761 1146 2839 griech.
1163 2761 1220 2819 Lit.
1233 2759 1279 2817 III

209 2888 237 2945 p.
263 2867 338 2947 3⁴7)
368 2871 501 2943 congmit
528 2868 731 2927 vocabulorum
761 2869 881 2946 positio,
911 2888 978 2926 nam
1011 2866 1222 2926 insolentiorem
1251 2876 1280 2923 et

211 2980 370 3031 contortam
392 2973 544 3032 verborum
574 2978 677 3032 seriem
708 2972 836 3033 modeste
863 2971 987 3031 admisit.
1031 2984 1126 3031 tamen
1149 2991 1280 3030 nonnun-

210 3096 298 3155 quam
327 3077 365 3135 ad
392 3080 519 3154 vigorem
549 3081 685 3138 orationis
714 3077 878 3155 augendum
904 3088 1072 3137 consuetum
1093 3075 1223 3137 ordinem
1242 3075 1279 3133 ad

209 3185 377 3241 inusitatum
400 3183 524 3242 defluxit.
561 3183 618 3241 huc
638 3186 667 3241 in
689 3186 789 3263 primis
810 3180 917 3241 cadunt
938 3182 1100 3262 hyperbata
1119 3182 1232 3242 articuli
1252 3190 1280 3238 et

210 3289 453 3366 praepositionum
484 3288 553 3368 (Ag.
579 3294 636 3349 827
668 3297 696 3347 et
725 3289 820 3346 Prom.
846 3288 916 3366 6o[)3
947 3290 1071 3346 maxime
1099 3296 1196 3346 autom
1224 3285 1278 3345 sibi

209 3391 352 3471 placuisse
379 3392 493 3451 videtur
518 3397 548 3452 in
577 3396 715 3453 iuncturis
744 3395 944 3472 pronominum
972 3392 1063 3463 αὐτὸς
1084 3392 1177 3451 αὑτοῦ
1200 3403 1227 3450 et
1250 3395 1279 3449 in

209 3497 452 3556 substantivorum
468 3520 531 3557 cum
547 3499 691 3558 attributis
705 3519 781 3558 nexa
803 3508 831 3557 et
853 3502 950 3575 iugata
970 3498 1170 3578 dispositione3
1194 3499 1280 3556 etiam

210 3602 298 3661 verba
318 3600 440 3661 duarum
463 3607 666 3663 sententiarum
687 3604 723 3662 ad
742 3607 888 3663 notionem
902 3605 1028 3684 aliquam
1045 3601 1216 3662 efferendam
1230 3609 1280 3660 aut

211 3707 248 3765 ad
277 3711 366 3766 animi
394 3713 551 3768 aestuantis
579 3710 824 3790 perturbationem
847 3709 1056 3789 depingendam
1078 3711 1182 3788 passim
1206 3710 1279 3766 inter

210 3831 242 3870 se
270 3814 422 3892 perplexit.
468 3815 517 3874 sed
547 3819 577 3873 in
605 3836 717 3874 summa
745 3814 862 3894 quidem
891 3815 928 3873 ab
954 3817 1009 3874 hac
1037 3825 1119 3894 parte
1147 3817 1214 3872 satis
1238 3821 1280 3871 est

209 3926 394 3998 temperatus.
432 3930 531 3980 contra
546 3920 635 3980 multo
651 3923 742 3978 maior
755 3918 876 3979 audacia
896 3924 926 3979 in
941 3921 1084 4001 Sophocle
1098 3921 1278 3999 conspicitur,

210 4026 261 4100 qui
284 4034 311 4082 ot
333 4029 445 4106 saepius
470 4047 487 4084 a
508 4028 632 4085 naturali
649 4025 750 4085 ordine
765 4024 888 4085 decessit
909 4037 937 4085 et
959 4027 1127 4086 insolentius
1147 4029 1279 4084 usitatam

212 4128 364 4189 verborum
387 4134 488 4190 seriem
508 4134 682 4205 immutavit,
706 4132 898 4210 reputandum
920 4152 987 4191 vero
1003 4142 1118 4191 estnon
1134 4151 1281 4211 superesse
