3034 4675
644 265 880 329 -140-

227 441 314 520 Prop.
338 442 455 511 11133,
479 443 556 515 esq.

357 553 445 627 atque
466 542 587 606 anunm
603 551 714 625 pereat
736 538 813 603 Nilo
837 560 914 623 quoe
935 561 1026 602 sacra
1046 547 1162 622 tepente

474 647 558 709 misit
579 646 728 708 metronia
750 644 876 707 Inachia
897 643 1054 718 Αασοηοῖο,

228 752 284 820 ov.
307 761 375 816 met.
398 755 455 814 VII
478 758 517 815 59
534 771 588 831 sep,
609 751 642 811 X
665 758 704 814 66
725 770 771 830 sq.
816 734 956 809 eiusmodi
977 751 1048 808 satis
1068 747 1221 807 artificiosa
1242 744 1299 805 ‹lis-

229 861 333 941 positio
356 856 554 935 cognoscenda
575 859 671 917 estin
697 858 902 935 epigrammate
927 853 1096 934 sepulcrali,
1127 852 1207 931 quod
1227 853 1298 911 Kai-

230 964 313 1025 helus
334 985 364 1044 p.
390 969 428 1025 37
451 962 571 1023 exhibet
593 961 650 1042 (nr.
672 960 745 1041 110)
768 970 798 1020 et
818 958 943 1020 secundo
965 959 1025 1018 lere
1046 959 1160 1019 saeculo
1183 980 1211 1040 p.
1230 957 1298 1024 Chr.

228 1090 258 1134 n.
281 1066 500 1129 adscribendum
524 1077 575 1141 est,
597 1068 649 1127 ubi
671 1066 740 1127 inde
760 1087 779 1126 a
798 1087 825 1126 v.
852 1072 869 1128 3
891 1065 963 1124 haec
983 1064 1119 1143 leguntur

329 1170 442 1251 οὔνομά
462 1194 514 1251 μοι
535 1172 723 1254 Κορνο[ῧτος
745 1169 819 1252 illd,
842 1170 950 1251 πατρὶς
975 1168 1064 1230 ἔνθεν
1082 1169 1201 1249 λ’κ[ανον

256 1357 263 1365 „
397 1275 578 1360 Προ]οσιάς,
599 1277 631 1349 ὃς
653 1270 682 1338 rl‘
709 1275 807 1339 ἔτεκεν
828 1326 835 1340 .
853 1325 860 1339 .
879 1324 886 1339 .
905 1324 912 1338 .
934 1297 972 1355 με
995 1274 1105 1356 πατήρ.

230 1382 332 1442 mutila
363 1391 392 1440 et
420 1402 495 1461 quae
521 1393 684 1464 temporum
711 1384 817 1440 iniuria
844 1380 967 1441 evanida
995 1390 1078 1454 sunt,
1102 1390 1135 1440 ut
1156 1378 1300 1439 Kaibelus

231 1488 363 1559 exhibet,
395 1487 547 1569 descripsi3
577 1489 709 1547 lacunam
735 1496 847 1560 autem,
877 1507 965 1567 quam
993 1487 1098 1567 reliqui
1128 1495 1158 1545 et
1186 1486 1299 1566 punctis

231 1591 404 1668 significavi,
426 1595 543 1653 nomine
565 1596 655 1673 patris
677 1590 852 1672 explendam
872 1611 936 1651 esse
957 1591 1034 1652 clare
1054 1599 1183 1671 apparet,
1206 1593 1247 1649 ita
1267 1599 1300 1649 ut

230 1716 289 1755 non
311 1698 492 1776 ineleganter
510 1698 633 1758 alterum
655 1700 835 1758 enuntiatum
848 1697 1038 1778 amplectatur
1052 1697 1184 1755 alterum.
1215 1694 1300 1755 valde

231 1803 318 1860 etiam
333 1805 453 1885 mireris,
469 1804 547 1884 quod
563 1824 629 1864 cum
645 1806 707 1884 ipso
722 1803 843 1863 articulo
863 1799 1074 1861 substantivum
1095 1804 1299 1882 transpositum

231 1912 274 1962 est
295 1903 477 1985 Soph.'Ant.
496 1914 556 1968 404

379 2010 495 2091 ταύτην
514 2007 543 2092 γ’
566 2007 640 2071 ἰδὼν
660 2008 842 2071 θάπτουσαν
862 2009 897 2070 ὃν
917 2012 955 2072 σὺ
977 2010 1029 2071 τὸν
1050 2011 1153 2091 νεκρὸν

380 2116 517 2192 ἀπεῖπας,

231 2240 354 2300 quocum
376 2221 439 2281 loco
461 2221 590 2281 conferas
612 2222 687 2280 Plat.
710 2220 831 2280 Theaet.
862 2219 954 2281 lsslb.
1000 2220 1107 2281 deinde
1131 2222 1301 2282 attributum

232 2334 261 2384 et
278 2325 505 2401 substantivum,
536 2335 569 2386 ut
589 2329 684 2407 priore
705 2328 881 2386 traiectionis
901 2346 1021 2404 genere,
1045 2331 1086 2387 sic
1107 2328 1162 2389 hoc
1184 2347 1302 2409 quoque
1424 2409 1428 2413 ⁵
1513 2321 1514 2406 λ

232 2431 434 2491 distrahuntur
454 2432 556 2513 Eurip.
581 2434 652 2491 Hec.
678 2439 737 2494 770

138 2524 141 2527 i
348 2537 423 2619 πρὸς
436 2532 529 2618 ἄνδρ’
552 2536 584 2607 ὃς
605 2536 690 2618 ἄρχει
711 2535 803 2615 τῆσδε
823 2537 1040 2618 Πολυμήστωρ
1054 2536 1179 2618 χθονός.

231 2644 402 2703 attributum
430 2644 470 2702 ita
494 2643 654 2703 solitarium
682 2643 788 2702 factum
818 2645 926 2703 maiore
948 2664 1012 2704 cum
1033 2647 1063 2704 vi
1088 2645 1299 2731 pronuntiatur.

233 2749 269 2808 tf.
292 2749 403 2808 Porson
424 2747 463 2807 ad
484 2749 587 2827 Eurip.
609 2746 658 2808 Or.
682 2767 711 2826 p.
738 2752 814 2822 128,
844 2748 995 2811 Demosth.
1025 2748 1064 2808 de
1092 2769 1199 2809 corona
1220 2749 1237 2827 ἓ
1259 2754 1299 2811 66

231 2861 291 2914 πᾶν
318 2851 364 2913 ὅτι
390 2852 572 2932 βοολεοθείη
599 2849 729 2934 μέροςὴ
758 2852 835 2933 τύχη
860 2864 915 2914 τοῦ
943 2852 1084 2934 σώματος
1103 2851 1301 2936 παρελέσθαι,

231 2959 305 3021 Plat.
332 2958 407 3039 apol.
431 2965 495 3021 20e
522 2967 576 3038 τῆς
603 2959 660 3041 γὰρ
687 2954 760 3038 ἐμῆς
790 2981 815 3018 α
845 2959 882 3039 δή
906 2957 957 3029 τίς
977 2958 1039 3019 ἐστι
1062 2958 1225 3041 nominaui
1253 2958 1301 3018 ola

230 3062 373 3146 μάρτυρα
397 3062 470 3141 ὑμῖν
489 3059 656 3144 παρέξομαι
677 3064 731 3124 τὸν
753 3064 828 3124 θεὸν
851 3064 904 3125 τὸν
931 3063 962 3124 ἒν
980 3063 1128 3145 Δελφοῖς,
1156 3085 1214 3145 quo
1238 3064 1301 3124 loco

144 3151 147 3156 ¹
232 3179 376 3250 postremo
398 3170 541 3228 sententia
563 3168 765 3229 secundariae
779 3171 920 3250 particula
942 3162 1116 3249 dependens,
1139 3168 1190 3229 sed
1212 3189 1302 3243 enun-

231 3279 301 3334 tiato
329 3274 448 3334 relativo
477 3274 648 3348 consimilis,
679 3276 891 3335 substantivum
920 3277 1073 3355 primariae
1104 3277 1220 3354 recepit.
1264 3271 1301 3332 ad

232 3378 310 3439 hunc
330 3378 525 3438 collocationis
548 3399 629 3439 usum
653 3383 739 3440 etiam
762 3390 871 3460 spectat
892 3382 994 3461 Eurip.
1019 3381 1089 3439 Hec.
1116 3380 1177 3442 486
1192 3399 1236 3459 sq.

399 3491 518 3563 πρῶτον
537 3481 594 3561 μὲν
616 3482 681 3544 εἶπέ
697 3482 786 3545 παῖδ’
808 3486 843 3545 ὃν
862 3483 892 3558 ἐξ
913 3483 986 3564 ἐμῆς
1002 3485 1092 3568 χερὸς

398 3587 586 3668 Πολύδωρον
608 3585 639 3648 ἔκ
662 3611 694 3650 τε
716 3589 831 3671 πατρὸς
853 3587 883 3651 ὲν
905 3590 1010 3670 δόμοις
1031 3588 1106 3670 ὅςας

399 3693 426 3753 ο
447 3691 491 3776 α,

231 3798 283 3860 ubi
310 3799 396 3857 simul
424 3798 482 3858 duo
513 3800 743 3878 transpositionis
775 3818 881 3876 genera
911 3808 1094 3859 concurrunt
1145 3818 1232 3879 saepe
1263 3798 1301 3857 ab

233 3904 397 3964 hominibus
419 3902 509 3964 doctis
531 3904 679 3964 Theocriti
700 3903 781 3963 locus
802 3913 983 3985 comparatus
1005 3913 1049 3963 est
1070 3903 1100 3962 id
1120 3907 1178 3967 VII
1202 3910 1240 3966 50
1255 3923 1301 3983 sq.

584 4009 664 4089 κῆγω
684 4006 740 4086 μὲν
761 4007 816 4091 ὅρη
838 4009 923 4091 pilos
944 4006 975 4068 εἴ
991 4030 1036 4068 τοι
1058 4005 1175 4090 ἀρέσκει

359 4105 452 4175 τοῦθ’
477 4114 523 4175 ὅτι
544 4122 624 4194 πρᾶν
645 4110 676 4175 ἐν
697 4113 758 4197 ὅρα
780 4114 816 4175 τὸ
836 4114 995 4196 μελύδριον
1017 4112 1187 4193 ἔξεπόνησα.
