3034 4675
667 219 880 309 ..78-

368 425 457 498 atquc
480 416 554 478 solet
576 416 670 478 ocutis
693 415 838 481 alimenta
859 435 1021 492 assumere,
1043 441 1177 504 puraeque

363 541 468 602 parca
490 520 545 583 aad
567 521 692 585 inductu
713 521 800 585 baua
823 523 952 587 scintilla
966 524 1080 607 fauilla

368 646 500 687 crescere
522 637 550 688 ct
572 625 604 688 ia
626 639 739 691 ueteres
762 629 879 712 agitato
899 649 1057 712 resurgere
1080 630 1167 704 cirea,

369 731 412 793 sic
433 732 495 793 iarn
518 730 725 797 lactucarum
748 743 810 810 etc,

240 841 291 900 nbi
314 841 493 900 enuntiatum
515 842 669 903 relativum
691 844 781 903 etiam
800 842 838 904 ad
853 843 944 905 verba
961 838 1045 904 ‘solet
1060 844 1158 906 ventis
1173 845 1317 905 alimenta

243 948 397 1007 assumere’
421 947 558 1021 pertinet.

330 1051 388 1112 Sed
409 1057 443 1109 nt
463 1052 581 1111 tandem
602 1068 717 1111 manum
742 1054 779 1113 de
807 1053 922 1115 tabula:
953 1054 1027 1114 satis
1050 1062 1079 1114 et
1100 1054 1215 1115 abunde
1236 1055 1314 1114 bunc

241 1163 393 1231 poetarum
421 1174 504 1216 usum
531 1157 693 1217 illustrasse
719 1159 792 1217 mihi
819 1159 937 1231 videor,
969 1176 1141 1233 quamquam
1162 1160 1193 1219 in
1215 1176 1312 1219 exem-

243 1264 357 1336 plorum
378 1263 599 1323 coacervatione
620 1263 770 1336 abquanto
793 1262 910 1326 brevior
932 1266 1165 1340 contractiorque
1187 1263 1240 1342 ini,
1262 1264 1313 1323 ubi

243 1369 300 1428 iam
329 1368 380 1428 alii
408 1368 592 1428 utilissimam
621 1383 739 1443 operam
767 1376 921 1432 navaruut.
966 1372 1070 1443 quodsi
1092 1372 1155 1445 quis
1173 1372 1314 1430 nonnulla
1421 1442 1425 1449 ‚

241 1475 273 1531 in
301 1473 356 1533 bac
385 1479 470 1547 parte
498 1473 663 1549 desiderat,
694 1491 767 1547 quae
795 1476 926 1544 homines
949 1476 1028 1535 docti
1052 1477 1090 1536 ad
1111 1475 1233 1551 figuram
1254 1470 1316 1530 dud

243 1581 343 1634 κοινοῦ
371 1579 457 1653 vulgo
486 1576 632 1653 referunt,
663 1582 906 1654 aneglcgentiae
934 1581 1055 1640 crimine
1083 1588 1162 1641 certe
1191 1597 1236 1641 me
1258 1582 1313 1640 irn-

243 1700 358 1744 muuem
377 1683 506 1759 habebit,
527 1700 592 1742 cum
613 1685 674 1755 illa,
697 1690 800 1758 utpote
822 1702 879 1744 nou
901 1702 1019 1759 prorsus
1039 1687 1154 1763 similia,
1171 1686 1223 1746 sed
1238 1702 1316 1745 novo

244 1789 369 1863 quodam
391 1787 515 1848 artificio
538 1787 748 1865 praedicentia,
776 1790 844 1859 aliis
865 1790 949 1850 huius
971 1792 1221 1852 commentationis
1241 1792 1317 1851 locis

244 1896 402 1957 attulerim.
439 1911 474 1953 cx
496 1895 666 1967 amantem,
690 1911 764 1969 quae
787 1896 823 1955 de
845 1897 991 1956 schemate
1013 1892 1072 1952 ἀπὸ
1094 1900 1194 1953 κοινοῦ
1215 1896 1314 1970 dispu-

243 2000 384 2071 tavimus,
411 1999 555 2060 evincitur
583 2006 685 2075 poetas
708 2002 923 2064 Alexandrinos
952 2001 1074 2062 mirifice
1095 2004 1170 2062 hanc
1192 2000 1314 2076 figuram

243 2108 273 2166 in
289 2107 403 2166 deliciis
416 2106 551 2165 habuisse
567 2111 597 2165 et
618 2123 654 2166 ex
676 2124 775 2166 eorurn
796 2107 960 2167 imitatione
981 2110 1057 2167 huuc
1077 2125 1159 2166 usum
1180 2107 1212 2165 in
1232 2105 1315 2180 poesi

149 2277 154 2288 ¹
198 2274 208 2286 .
243 2213 349 2271 Latina
384 2210 608 2286 percrebruisse.
669 2195 856 2285 'aliquatenus
895 2230 964 2274 vero
1006 2212 1238 2286 restringendum
1271 2215 1316 2269 est

244 2317 363 2393 Hauptii
384 2317 530 2392 iudicium,
546 2318 595 2392 qui
615 2312 666 2395 (cf.
681 2318 798 2394 Bclgcri
819 2318 925 2378 librum
940 2319 981 2378 M.
997 2320 1099 2394 Haupt
1111 2336 1140 2394 p.
1158 2312 1234 2395 241)
1256 2313 1316 2375 for·
1352 2325 1356 2330 “

244 2440 320 2482 marn
343 2423 423 2482 illam
446 2423 563 2484 dicendi
588 2425 759 2499 simpliciter
781 2424 1013 2485 Alexandrinam
1042 2424 1218 2500 appellavit3
1248 2437 1316 2480 nam

244 2534 274 2586 et
299 2533 366 2587 ante
387 2528 652 2588 Alexandrinorum
681 2534 805 2589 aetatem
834 2529 864 2586 in
891 2530 1049 2603 lyricorum
1079 2536 1109 2590 et
1138 2528 1315 2602 tragicorum

245 2640 275 2694 et
289 2634 409 2692 Homeri
423 2634 515 2707 ipsius
530 2634 703 2694 carminibus
718 2633 803 2692 huius
818 2635 1017 2694 collocationis
1032 2616 1318 2706 nonnullaexempla

245 2746 345 2799 extare
360 2745 390 2799 et
405 2741 483 2814 apud
498 2741 619 2800 Latinos
633 2741 692 2800 iarn
707 2738 744 2799 ab
759 2739 856 2798 Ennio
871 2757 934 2799 eam
949 2748 1117 2814 usurpatam
1132 2755 1194 2799 esse
1209 2740 1315 2798 iterum
1394 2815 1400 2827 ·
1463 2732 1466 2749 ’

150 2907 153 2914 ,
246 2846 362 2906 videtur
384 2862 447 2906 esse
468 2846 635 2905 notandum.

276 3034 298 3124 ὅ
326 3042 360 3120 8.
418 3042 476 3120 lle
501 3041 726 3120 traiectione
758 3040 1078 3118 substantivorum
1109 3041 1146 3116 et
1179 3039 1286 3116 attri-

671 3162 894 3277 buterum).

333 3322 552 3381 Substantivum
581 3325 698 3394 eiusque
725 3322 897 3381 attributum
919 3321 1006 3379 etiarn
1036 3321 1066 3378 in
1096 3320 1226 3394 pedestri
1250 3334 1317 3378 ora·

246 3427 326 3486 tione
348 3428 437 3487 variis
458 3429 552 3487 modis
574 3424 715 3487 distracta
740 3433 770 3485 ct
793 3427 940 3498 discerpta
968 3425 1110 3496 inveniri,
1141 3439 1205 3483 cum
1233 3423 1319 3482 uobis

332 3589 353 3654 ¹)
371 3594 496 3655 Hessius,
508 3576 689 3654 Vorlesungen
701 3594 764 3642 tiber
780 3594 825 3642 lat.
839 3592 971 3655 Sprachw.
984 3593 1011 3641 ll
1027 3594 1059 3643 46
1069 3606 1107 3654 sq.
1139 3592 1318 3640 traiectionem

247 3680 369 3729 adiectivi
388 3695 445 3729 eam
458 3683 563 3738 dicendi
574 3664 850 3743 rationemintellegit,
865 3697 917 3743 qua
931 3682 1088 3730 adiectivum
1103 3682 1149 3729 uni
1162 3695 1194 3729 ex
1208 3665 1317 3742 dnobus,

247 3784 358 3833 quorum
376 3770 486 3820 alterum
504 3786 539 3820 ex
558 3772 639 3820 altero
659 3773 764 3833 pendet,
782 3771 950 3820 substantivis
961 3767 1090 3834 tribuitur,
1107 3784 1165 3818 cum
1177 3770 1233 3819 cius
1244 3769 1319 3817 notio

247 3860 322 3908 alteri
340 3861 375 3908 sit
393 3862 508 3926 propria,
527 3869 556 3909 ut
567 3861 679 3922 exempli
691 3860 776 3920 gratia
792 3859 872 3907 ‘fulva
885 3859 968 3908 leonis
986 3856 1041 3923 ira',
1062 3859 1108 3907 sed
1120 3858 1191 3906 hunc
1206 3866 1317 3918 tropum,

229 3932 325 4011 'quern
343 3951 422 3997 ceteri
440 3949 599 4010 grammatici
620 3948 714 4029 melius
732 3948 891 4012 hypallagen
911 3949 1032 3997 adiectivi
1051 3947 1184 4010 appellant
1201 3955 1227 3994 et
1244 3945 1319 3994 cuius

246 4052 309 4085 usus
328 4051 386 4085 cum
406 4036 480 4103 multi
500 4038 545 4085 alii
563 4038 724 4099 collegerunt
736 4037 860 4100 exempla,
873 4044 928 4085 tum
940 4038 1036 4101 optime
1051 4036 1159 4098 digessit
1170 4034 1320 4082 Lobeckins

248 4128 281 4174 acl
293 4126 369 4174 Aiac.
379 4128 418 4174 ed.
429 4125 472 4174 alt.
483 4142 507 4188 p.
521 4128 534 4174 t
539 4128 553 4175 3
564 4141 628 4187 sqq.‚
641 4129 673 4176 ab
686 4127 735 4176 hac
748 4127 924 4190 disputatione
941 4140 998 4175 esse
1015 4126 1131 4174 alienum
1147 4124 1226 4187 plane
1239 4128 1318 4186 patet.
