3034 4675
657 228 870 292 ..66-

652 405 741 458 τοῦτο
763 387 790 458 ἀ
816 398 970 476 ἀμήχανον
992 397 1097 478 εὑρεῖν,

359 501 404 563 ὅτι
427 511 479 562 νῦν
501 498 531 562 ἐν
554 503 603 562 καὶ
626 501 753 589 τελειτᾷ
772 501 920 584 φέρτατον
941 502 1028 583 ἀνδρὶ
1050 509 1160 581 τυχεῖν,

88 645 95 660 .
148 687 151 692 ⁴
230 609 319 688 Pyth.
343 613 372 673 X
394 614 434 674 58

381 712 500 793 θαητὸν
519 707 549 772 έν
570 710 647 785 ἀλιξι
672 712 805 792 θησέμεν
824 712 855 773 έν
876 713 926 773 καὶ
949 712 1147 794 παλαιτέροις.

232 821 376 900 Hauptius
407 821 438 878 in
467 819 512 878 his
539 827 573 877 ut
602 820 773 877 sententiam
802 839 881 878 suam
911 828 1092 892 sustentaret,
1122 819 1306 879 artificiosam

229 927 494 1005 interpretationem
509 923 637 1005 protulit,
661 944 751 983 unum
774 924 827 983 καί
846 923 968 1005 duplicis
989 924 1146 1004 particulae
1167 926 1305 982 vicarium

128 1093 132 1100 ,
229 1051 308 1104 esse,
339 1033 379 1088 ita
401 1038 434 1089 ut
462 1029 515 1089 καί
538 1029 710 1107 significaret
733 1011 848 1102 ‘etiam’‚
871 1028 922 1088 sed
944 1029 1029 1088 simul
1049 1027 1311 1111 comprehenderet.

231 1137 380 1194 enuntiata
407 1143 435 1195 et
462 1134 605 1215 quaedam
641 1133 870 1215 breviloquentia
901 1134 1083 1211 agnoscenda
1113 1144 1189 1195 esset
1197 1181 1208 1209 ‚1
1238 1155 1305 1195 eum
1409 1147 1414 1156 “

231 1241 318 1322 plena
346 1243 437 1301 oratIo
467 1241 567 1300 fuisset
592 1247 682 1304 &nunc
707 1249 736 1298 et
758 1241 844 1299 etiam
867 1242 897 1299 in
918 1240 990 1314 fine,
1020 1242 1094 1299 inter
1116 1241 1253 1322 aequales
1275 1251 1308 1299 et

230 1349 316 1405 etiam
344 1348 420 1407 iuter
448 1346 594 1405 seniores'.
639 1346 677 1407 G.
711 1346 895 1404 Hermannus
926 1348 957 1403 in
987 1347 1153 1405 recensione
1182 1348 1303 1426 HauptIi

230 1451 322 1511 libelli
353 1451 396 1533 (in
426 1449 522 1510 Iahnii
558 1450 710 1511 annalibus
739 1460 807 1510 tom.
839 1456 972 1515 XXXIII
1000 1472 1026 1510 a.
1061 1456 1137 1513 1841
1166 1473 1194 1532 p.
1226 1451 1306 1533 256)

229 1556 302 1616 illud
329 1555 379 1616 καὶ
408 1559 572 1617 coniectura
599 1576 745 1616 removere
767 1565 886 1615 conatus
908 1564 965 1629 est,
999 1575 1058 1615 non
1088 1576 1140 1615 suo
1165 1558 1242 1629 iure,
1270 1565 1304 1615 ut

230 1662 301 1721 mihi
330 1661 452 1721 videtur.
504 1682 537 1721 eo
567 1683 625 1742 quo
647 1663 793 1742 Hauptius
822 1664 932 1720 censuit
959 1660 1043 1721 modo
1071 1660 1231 1741 ,particulae
1251 1660 1311 1720 καί

229 1769 446 1828 collocationem
462 1768 600 1849 explicari
618 1787 703 1848 posse
721 1766 906 1826 concederem
922 1788 1017 1847 ncque
1036 1768 1186 1828 oblocutus
1201 1786 1304 1842 essem,

148 1881 154 1892 “
230 1876 286 1933 nisi
308 1875 364 1933 alia
387 1873 520 1954 exempla
541 1882 682 1942 extarent,
704 1871 810 1953 quibus
824 1873 952 1932 traiectio
971 1872 1091 1953 copulae
1108 1872 1304 1951 intellegenda

231 1989 274 2040 est
297 1988 326 2038 et
348 1999 422 2059 qnae
444 1999 475 2039 se
497 1980 619 2037 invicem
642 1986 775 2052 tuentur,
794 1997 833 2038 ne
854 1981 1018 2037 coniectura
1039 1986 1224 2058 temptentur.
1265 1980 1305 2037 cf.

144 2147 149 2158 ,
228 2083 314 2144 Ρίιιά.
335 2083 437 2145 Isthm.
462 2087 501 2144 VI
522 2088 560 2145 27
585 2104 649 2163 sqq.

315 2186 388 2250 ἷλττιο
408 2188 466 2269 γὰρ
488 2186 591 2271 σαφές,
615 2187 696 2260 ὅστις
725 2185 756 2248 ἓν
777 2188 874 2275 ταύτρ
896 2187 1004 2274 νεφέλᾳ
1022 2181 1153 2267 χύλαζον
1175 2187 1306 2267 αἵματος

727 2294 785 2375 πρὸ
808 2295 897 2377 φίλας
921 2289 1039 2376 πάτρας
1060 2294 1215 2373 ἀμύνεται,

313 2399 410 2480 λοιγὸν
432 2398 598 2482 ἀντιφέραιν
620 2399 744 2482 ἔναντιῷ
766 2402 896 2484 στρατῷ,

315 2506 416 2565 ἀστῶν
436 2506 520 2591 γενεᾷ
541 2503 680 2585 μέγιστον
700 2502 783 2577 κλέος
805 2506 902 2577 attor

315 2606 398 2683 ζώων
417 2607 445 2673 τ’
469 2610 528 2670 ἀπὸ
550 2610 599 2669 καὶ
623 2608 738 2670 θανών.

229 2736 328 2776 versus
352 2721 389 2779 30
418 2719 458 2776 ita
480 2724 524 2775 est
551 2715 760 2775 construendus
784 2713 867 2788 ζώων
888 2739 920 2777 τε
942 2716 993 2776 καὶ
1016 2712 1191 2791 ἀποθανών,
1214 2725 1306 2794 atque

230 2822 283 2881 καί
307 2821 363 2880 hoe
392 2821 453 2880 loco
481 2821 651 2900 particulam
672 2821 864 2902 copulatiram
887 2842 950 2881 esse
975 2821 1150 2903 praecedens
1172 2818 1207 2881 τέ
1225 2820 1306 2879 clare

227 2927 414 2986 demonstrat.
458 2925 565 2985 deinde
584 2927 728 3002 quomodo
750 2928 838 2986 Arist.
861 2927 935 2986 Ach.
959 2933 1020 2991 884

475 3026 588 3109 έκβαθι
610 3032 686 3114 tegitis
708 3029 901 3115 κήπιχάριττε
922 3034 965 3115 τῷ
986 3030 1058 3115 ’ξένῳ

228 3137 367 3216 explicari
388 3139 479 3217 possit
499 3139 554 3196 nisi
576 3157 628 3217 per
649 3141 846 3199 traiectionem
866 3138 986 3198 voculae
1007 3136 1073 3211 καί,
1104 3158 1157 3214 ego
1182 3137 1302 3216 quidem

228 3262 287 3301 non
309 3240 408 3316 vide03
439 3242 517 3323 quod
540 3243 685 3323 Hauptius
713 3255 810 3303 autern
832 3242 980 3303 contendit
1001 3242 1052 3301 aul
1074 3263 1132 3302 non
1156 3245 1304 3321 pertinere

226 3346 266 3405 ad
284 3347 369 3429 τῷδε,
392 3346 444 3406 sed
465 3349 632 3428 simpliciter
654 3368 715 3408 esse
734 3346 844 3411 dictum
866 3370 918 3428 pro
940 3344 1052 3425 έκβαθι
1067 3347 1117 3407 καὶ
1132 3336 1302 3427 ε’πιχύριττε

228 3451 304 3534 τῷδε
320 3453 363 3534 τῷ
378 3449 459 3535 ξένῳ,
467 3455 551 3513 nimis
562 3454 696 3532 argutule
709 3453 787 3512 dicit.
810 3455 894 3513 huius
908 3474 1007 3513 versus
1021 3475 1086 3513 cum
1100 3453 1157 3512 duo
1173 3452 1304 3511 membra

228 3557 372 3649 haeqsint
382 3553 494 3635 έκβαθι
506 3567 535 3618 et
545 3558 714 3641 ι’πιχάριττε
726 3559 803 3641 τῷδε
822 3561 865 3641 τῷ
876 3557 957 3641 ξένῳ,
974 3559 1141 3639 particulam
1153 3558 1212 3630 καί,
1224 3577 1303 3636 quae
1387 3549 1390 3553 ’

228 3664 377 3721 enuntiata
398 3667 528 3738 conectit,
551 3664 676 3724 seeundo
697 3664 759 3723 loce
781 3666 903 3743 positam
926 3664 1049 3745 ideoque
1071 3684 1133 3724 esse
1152 3665 1301 3722 traiectum

227 3776 377 3847 procerte
399 3768 502 3828 habeo.
544 3769 674 3828 similiter
695 3771 727 3828 in
749 3769 950 3849 Aristophanis
972 3771 1048 3829 Pare
1071 3775 1131 3832 416
1154 3789 1197 3847 sq.

851 3874 977 3952 ξύλλαβε

451 3978 524 4056 ἡμῖν
545 3978 713 4060 προθύμως
734 3980 823 4058 τήνιλε
844 3980 894 4039 καὶ
916 3977 1089 4050 ξυνέλκυσον

228 4084 316 4162 τήνάε
339 4105 404 4143 nour
419 4083 456 4143 ud
479 4083 605 4161 ξύλλαβε
625 4086 724 4145 referri
740 4085 834 4157 debet,
851 4085 903 4144 sed
924 4089 948 4143 si
970 4087 1147 4144 accusativus
1169 4091 1246 4143 recte
1267 4102 1302 4141 se

227 4192 330 4261 babet,
361 4211 425 4250 eum
454 4186 629 4261 ξυνέλκυσον
656 4190 888 4269 coniungendum
918 4198 967 4248 est.
1019 4209 1115 4267 neque
1136 4189 1219 4247 aliter
1243 4190 1298 4246 εἰεί
