3034 4675
634 305 870 369 -ras-

213 473 363 555 quandam
381 484 533 535 exerceant
548 485 577 534 et
592 473 803 535 enuntiationes
822 479 902 552 ipsae
922 478 1011 536 artius
1029 485 1181 536 nectantur
1200 479 1288 555 inque

215 599 303 638 unam
316 577 528 658 quodammodo
544 580 764 641 confundantur.
794 581 981 644 Lehmannus
995 581 1014 639 l.
1031 580 1057 639 d.
1074 601 1103 657 p.
1121 590 1137 643 9
1162 585 1192 640 in
1214 584 1287 640 eius-

215 684 295 744 modi
315 684 551 754 collocationibus
572 686 809 763 simplicissimam
839 688 992 762 primariae
1016 690 1176 747 sententiae
1197 697 1288 746 trans·

214 791 387 867 positionem
409 790 634 868 intellegendam
657 812 719 851 esse
740 790 903 866 contendit3
928 800 958 851 at
986 792 1057 850 mihi
1085 793 1151 860 talis
1173 790 1288 852 dicendi

215 894 306 954 forma
335 895 382 953 hic
410 898 506 970 potius
534 898 679 957 afferenda
710 917 774 957 esse
801 896 930 970 videtur,
961 895 1040 977 quod
1068 897 1200 958 omnibus
1231 898 1288 957 illis

217 1000 356 1078 exemplis
377 1002 526 1078 particula,
543 1023 601 1082 qua
620 1006 799 1066 enuntiatum
818 1001 1020 1062 secundarium
1042 1003 1199 1075 incohatur,
1223 1022 1288 1061 cum

213 1127 267 1167 suo
290 1106 456 1186 praedicato
470 1108 591 1168 verbum
613 1111 749 1184 primarii,
765 1106 843 1167 uude
861 1116 961 1183 aptum
982 1117 1026 1168 est
1046 1108 1177 1181 alterurn,
1193 1111 1287 1187 sequi·

215 1222 271 1273 tur.
292 1216 408 1294 'itaque
429 1233 502 1293 quas
523 1212 588 1273 dico
610 1216 799 1286 traiectiones,
824 1213 929 1292 quibus
950 1213 1136 1273 secundariae
1158 1215 1287 1272 enuntia-

213 1320 302 1380 tionis
332 1318 471 1379 vocabula
499 1318 613 1378 sublata
641 1338 657 1377 e
686 1320 905 1378 constructionis
932 1338 1011 1378 nexu
1032 1321 1187 1395 primariae
1208 1311 1287 1377 antess
1385 1363 1388 1384 ,

214 1434 372 1500 ponuntur,
398 1425 434 1484 ab
456 1423 515 1482 illis
536 1423 731 1501 segregandae
751 1433 835 1497 sunt,
858 1422 965 1503 quibus
986 1444 1108 1483 revera
1129 1426 1289 1483 sententiae

214 1532 369 1606 primariae
394 1528 484 1588 verba
513 1533 660 1602 enuntiato
690 1531 792 1589 minori
823 1528 1017 1588 includuntur.
1062 1528 1111 1588 sed
1135 1548 1177 1601 ea,
1200 1548 1288 1608 quam

214 1643 318 1709 statuo,
342 1634 495 1724 distinctio,
513 1635 627 1694 subtilis
650 1645 728 1694 certe
750 1645 780 1694 et
800 1656 860 1695 uon
877 1636 975 1712 magni
994 1637 1090 1710 pretii,
1113 1633 1186 1693 nihil
1209 1632 1288 1692 aliud

214 1742 272 1799 uisi
300 1740 395 1800 locum
426 1739 576 1812 defendat,
607 1761 665 1820 quo
694 1740 766 1799 haec
795 1741 928 1815 exempla
956 1760 1020 1834 spm
1048 1739 1287 1815 perlusa-aurun

214 1866 283 1904 nam
304 1865 477 1925 quocunque
499 1846 584 1906 modo
606 1867 667 1906 rem
689 1845 855 1922 intellegas,
885 1865 971 1904 causa
993 1854 1022 1903 et
1043 1845 1158 1904 effectus
1178 1844 1287 1921 figurae

212 1951 271 2009 sibi
299 1960 431 2011 constant
459 1970 555 2031 neque
582 1952 699 2011 libertas
726 1950 890 2028 linguarum
919 1952 1104 2030 antiquarum
1132 1952 1164 2008 in
1192 1948 1288 2009 verbis

214 2048 436 2132 transponendis
457 2059 552 2116 minus
573 2057 649 2116 clare
670 2065 798 2132 apparet.
1052 2051 1053 2054 ’

301 2160 332 2220 Si
354 2161 496 2221 obiectum
519 2164 660 2221 enuntiati
681 2164 800 2221 minoris
825 2164 855 2220 iu
876 2163 1045 2241 primarium
1065 2159 1284 2239 transgreditur,

214 2264 325 2326 nullam
354 2265 407 2326 hoc
440 2266 555 2326 dicendi
579 2269 678 2346 'genus
710 2266 798 2326 habet
828 2264 1040 2340 difficultatem,
1081 2267 1132 2326 ubi
1165 2266 1285 2325 verbum

215 2371 329 2431 finitum
361 2393 424 2431 cum
458 2372 586 2432 membro
619 2373 668 2432 illo
699 2376 826 2433 construi
862 2380 964 2452 potest.
1022 2375 1062 2432 sic
1098 2373 1210 2432 locutus
1244 2382 1287 2431 est

215 2477 516 2556 Pseudo-Phocylides
539 2498 566 2536 v.
594 2485 629 2539 17
655 2478 760 2556 Bergk.
1318 2462 1320 2466 ἱ

331 2581 501 2664 ψεόόορκον
522 2581 635 2664 στυγέει
658 2583 732 2656 θεὸς
753 2584 906 2666 ἄμβροτος
928 2582 1010 2654 ὅστις
1034 2581 1160 2666 ὀμόσσῃ.

216 2691 378 2768 comparari
399 2688 465 2746 lieet
489 2689 573 2748 Hom.
588 2687 652 2748 od.
676 2694 749 2753 VIII
774 2695 834 2752 230
880 2705 882 2712 '

391 2790 494 2853 οἴοισιν
514 2792 645 2854 όείόοικα
669 2794 763 2868 ποσίν,
786 2795 829 2873 μή
852 2794 897 2865 τίς
916 2816 954 2872 με
976 2791 1117 2876 παρέλθῃ

215 2907 246 2957 et
266 2899 302 2959 Π·
326 2904 356 2962 Η
380 2905 440 2962 348
463 2919 506 2978 sq·
630 2986 634 2990 ’
675 2983 744 3063 πρὶν
766 2984 816 3042 καὶ
839 2983 914 3055 Διὸς
936 2981 1079 3065 αἰγιόχοιο

367 3086 516 3169 γνώμεναι
539 3086 596 3150 εἴτε
619 3087 732 3167 ψεῦδος
750 3087 909 3167 ὑπόσχεσις
929 3087 964 3168 ἠὲ
985 3088 1035 3148 καὶ
1057 3089 1132 3166 οὐχί.
1174 3099 1177 3102 ’

214 3233 311 3294 neque
332 3218 502 3291 scriptorum
524 3235 617 3274 sermo
632 3213 704 3273 tales
719 3214 920 3275 collocationes
935 3215 1104 3292 repudiavit.
1138 3213 1287 3291 aliquanto

215 3337 283 3379 vero
324 3322 493 3380 insolentius
528 3319 740 3379 Demosthenes
780 3321 933 3380 verborum
969 3320 1100 3381 ordinem
1141 3321 1288 3378 constituit

215 3421 337 3502 Olynth.
360 3430 406 3488 III
431 3430 467 3487 32
492 3433 606 3505 ταῦτα,
633 3424 677 3502 μὰ
699 3424 753 3504 τὴν
775 3423 933 3507 Δήμητρ’,
956 3428 1009 3487 οὐκ
1032 3423 1069 3486 ἂν
1091 3423 1288 3502 θαυμάσαιμι

216 3526 243 3588 εἰ
262 3527 371 3606 μείζων
399 3528 509 3590 εἰπόντι
537 3551 589 3608 μοι
617 3526 729 3610 γένοιτο
756 3527 834 3611 παρ’
858 3531 943 3609 ὑμῶν
963 3530 1065 3610 βλάβη
1086 3539 1147 3591 τῶν
1169 3543 1288 3610 ninuta-

214 3632 314 3694 κόταιν
335 3635 413 3695 αὐτὰ
433 3633 592 3716 γενέσθαι,
622 3636 672 3695 ubi
693 3644 808 3711 ταῦτα,
838 3635 917 3716 quod
946 3637 984 3696 ad
1010 3635 1122 3697 εἰπόντι
1152 3639 1286 3713 pertinet,

216 3749 336 3817 propter
356 3744 415 3800 vim
436 3761 517 3800 suam
539 3751 569 3800 et
589 3743 758 3818 gravitatem
787 3744 840 3801 toti
868 3742 985 3819 periodo
1016 3752 1059 3801 est
1079 3743 1285 3818 praepositum.
1343 3797 1347 3805 ,

215 3844 359 3905 difficilior
385 3856 481 3907 autem
510 3855 554 3905 est
574 3854 716 3905 structura
736 3855 765 3906 et
786 3851 877 3907 maior
897 3849 1013 3907 licentia
1033 3846 1230 3926 agnoscenda,
1263 3848 1289 3904 si

214 3951 335 4011 verbum
356 3954 515 4011 sententiae
536 3953 689 4027 primariae
710 3956 903 4013 accusativum
921 3953 968 4012 vel
989 3954 1132 4013 obiectum
1155 3973 1171 4011 e
1192 3971 1286 4029 gram·

215 4057 319 4114 matica
346 4059 458 4116 ratione
486 4057 599 4134 refugit.
644 4078 734 4137 quare
755 4058 882 4118 notabile
904 4069 947 4118 ost
973 4058 1045 4119 illud
1069 4057 1168 4133 Apoll.
1191 4055 1286 4115 Rhod.

155 4202 158 4207 «
215 4163 230 4221 I
258 4166 315 4223 165
338 4180 381 4241 sq.
