3034 4675
646 262 855 325 -52,

253 455 256 459 ⁴
300 432 367 491 αἰαῖ
384 422 486 514 Ἔρως
507 430 620 513 ἀνιαρά,
643 430 675 491 τί
692 452 749 509 μεν
771 429 865 509 μέλαν
887 430 919 490 ἐκ
937 429 1029 510 χροὸς
1050 422 1125 507 αἷμα

300 538 396 620 ἐμφὺς
417 537 458 608 ὡς
480 539 616 615 λιμνᾶῖις
637 534 717 595 ἅπαν
739 536 771 595 ἐκ
792 534 904 613 βδέλλα
926 533 1083 606 naamam,-

214 666 366 726 verbornm
388 663 536 723 collocatio
558 672 587 721 et
608 665 719 721 numeri
745 664 800 743 ipsi
828 663 917 721 animi
946 661 1167 739 cogitationibus
1190 663 1284 741 expri-

215 771 327 832 mendis
355 771 470 847 egregie
497 771 671 843 inserviunt3
704 788 762 827 vox
793 766 905 845 βδέλλα
933 768 1139 847 praepositioni
1168 769 1288 845 eiusque

214 876 303 937 verbo
326 876 495 952 interposita
516 874 604 952 longe
625 877 762 933 maiorem
783 877 841 933 vim
863 882 892 932 et
913 874 1082 949 gravitatem
1104 874 1286 935 nanciscitur.

300 983 348 1040 Ex
369 981 519 1039 Theocriti
546 980 679 1059 exemplo
703 998 874 1057 cognoscere
901 978 976 1051 licet,
1006 998 1066 1036 non
1087 978 1178 1038 solum
1199 981 1286 1059 parti-

214 1089 294 1148 culas
315 1085 530 1165 monosyllabas
552 1092 582 1143 et
602 1087 774 1164 pronomina
795 1085 926 1144 enclitica
947 1086 1100 1165 interponi,
1126 1082 1178 1143 sed
1200 1086 1286 1142 etiam

215 1197 347 1273 graviora
375 1190 523 1252 vocabula.
560 1193 686 1249 maxime
713 1188 831 1269 quidem
853 1190 907 1249 hoc
931 1193 1026 1270 poesis
1046 1190 1155 1269 lyricae
1176 1190 1287 1248 elatiori

214 1319 285 1359 sono
307 1300 455 1378 proprium
478 1305 520 1354 est
541 1296 588 1376 (cf.
614 1297 716 1356 Aesch.
739 1297 835 1355 Prom.
858 1296 943 1378 878),
966 1305 1063 1355 tamen
1085 1296 1148 1354 eliis
1170 1315 1287 1374 quoque

216 1405 285 1463 locis
308 1401 385 1460 idem
407 1403 529 1461 inveniri
550 1410 660 1461 certum
682 1410 725 1461 est
741 1401 789 1482 (cf.
802 1403 907 1461 Aesch.
922 1402 979 1478 Ag.
1000 1401 1104 1483 1215).
1134 1401 1287 1460 interillos

216 1481 340 1568 maxime
367 1509 495 1583 insignes
524 1516 591 1566 sunt
613 1510 648 1581 ei,
677 1507 784 1586 quibus
805 1509 1046 1585 praepositionem
1068 1509 1199 1586 sequitur
1220 1506 1286 1566 sub-

214 1616 386 1685 stantivum,
421 1632 486 1671 cum
507 1632 581 1691 qno,
612 1615 663 1692 qui
684 1612 756 1670 haec
777 1614 891 1671 recitari
919 1610 1033 1686 audiat,
1065 1612 1177 1672 facilius
1199 1633 1286 1692 quam

215 1740 281 1778 cum
301 1717 389 1777 verbo
412 1738 475 1776 eam
496 1726 655 1791 construat,
678 1727 728 1777 aut
749 1720 825 1776 inter
845 1721 1087 1796 praepositionem
1107 1727 1137 1777 et
1157 1718 1285 1790 verbum,
1363 1795 1366 1800 ἡ

216 1827 262 1884 cui
288 1821 473 1900 adiungenda
501 1832 544 1881 est
573 1823 636 1896 illa,
667 1823 785 1883 alterius
814 1823 894 1882 verbi
916 1825 1009 1883 forma
1036 1826 1205 1900 interposita
1234 1834 1284 1894 est,
1372 1817 1375 1832 '

215 1929 253 1989 ad
282 1926 361 2008 quod
389 1930 563 2003 praepositio
593 1927 693 1988 eodem
721 1928 806 1987 modo
833 1932 977 2005 pertinere
1001 1933 1099 2005 possit.
1141 1930 1177 1988 cf.
1200 1927 1285 1987 Pind.

216 2034 263 2094 01.
285 2027 320 2096 11'
338 2038 376 2095 sc

549 2138 608 2198 ἀπὸ
630 2137 757 2217 πάμπαν
780 2138 892 2199 ἀδάέων
914 2136 991 2217 ἔχειν

369 2241 483 2321 Ψυάάνε

178 2408 180 2413 -
216 2391 275 2450 quo
305 2369 368 2428 loco
394 2369 546 2428 verborum
576 2368 725 2430 collocatio
754 2369 872 2449 quidem
901 2389 960 2427 non
987 2368 1097 2441 obstat,
1134 2369 1287 2447 quominus

217 2474 277 2533 ἀπὸ
299 2473 411 2532 ἀδίκων
426 2483 582 2547 construas,
605 2483 702 2533 tamen
722 2495 792 2534 usus
812 2474 893 2534 verbi
912 2471 1031 2551 ἀπέχειν
1051 2476 1155 2532 tmesin
1177 2472 1287 2534 suadet.

217 2578 284 2638 vide
306 2578 479 2651 Bosslerum,
511 2578 547 2637 de
573 2564 672 2655 praep}
698 2601 753 2639 usn
781 2601 827 2656 ap.
851 2579 936 2639 Pind.
959 2600 988 2656 p.
1011 2587 1066 2654 733
1104 2579 1209 2641 Aesch,
1229 2579 1286 2655 Ag.
1372 2654 1374 2656 v

223 2693 278 2747 154
296 2706 349 2764 sq.‚
375 2690 435 2746 964
457 2703 500 2762 sq.
536 2694 688 2764 utramque
717 2684 913 2744 difficultatem
941 2687 1121 2744 coniunctam
1147 2683 1236 2744 habes
1257 2686 1288 2742 in

217 2788 373 2850 Simonidis
396 2790 449 2866 frg.
475 2797 502 2863 ἰν,
525 2811 552 2848 v.
580 2796 616 2850 18
641 2791 760 2871 (Bergk.
783 2800 859 2871 poet
883 2791 939 2869 lyr.
961 2778 1030 2853 1114
1053 2810 1080 2866 p.
1106 2790 1181 2870 388)
1232 2770 1243 2788 ⁵

423 2913 473 2974 ἐπί
491 2912 519 2975 τ’
542 2916 637 2993 ὔμμιν
659 2916 754 2999 εὑρὼν
776 2913 954 2997 ἀπαγγελὲω,
1051 2970 1052 2975 ,

218 3041 269 3101 ubi
299 3039 363 3116 ἐπί,
401 3045 532 3120 quamvis
561 3051 590 3101 et
618 3042 655 3100 ad
684 3043 780 3120 eppa
809 3052 837 3101 et
864 3041 901 3099 ad
928 3035 1023 3122 εὑρών
1044 3061 1096 3117 per
1117 3061 1148 3099 se
1172 3040 1289 3120 quidem

218 3146 327 3203 refferri
348 3148 453 3221 possit,
488 3168 552 3206 curn
581 3148 669 3208 verbo
691 3146 819 3228 ἀγγελέω
840 3146 1072 3224 coniungendum
1095 3157 1145 3205 est.
1190 3147 1290 3207 similis

219 3258 263 3308 est
283 3268 369 3309 causa
390 3253 421 3309 in
442 3252 577 3332 Dionysii
599 3257 805 3331 epigrammate
825 3254 904 3312 anth.
928 3253 990 3311 Pal.
1014 3257 1056 3317 VI
1080 3260 1107 3325 3,
1134 3263 1152 3316 4

344 3355 463 3436 χλωρὸν
484 3358 543 3416 ἀπὸ
564 3358 703 3441 δρεπάνῳ
724 3362 804 3437 θῆκε
826 3357 933 3435 ταμὼν
955 3353 1094 3438 ῥόπαλον,

220 3468 249 3518 et
269 3461 300 3517 in
321 3458 480 3521 Metrodori
500 3441 585 3522 versu
606 3464 686 3522 anth.
707 3463 770 3522 Pal.
793 3464 870 3522 XIV
896 3469 963 3536 137,
991 3470 1003 3524 1

348 3575 444 3659 δάκρυ
465 3579 548 3662 παρὰ
569 3579 729 3652 στάξαντες
750 3581 900 3659 ἀμείβετε.

220 3694 276 3752 hoc
297 3712 414 3772 quoque
436 3701 705 3759 commemoratione
726 3697 846 3775 dignum
867 3709 918 3771 est,
942 3703 1182 3781 praepositionem
1204 3721 1291 3782 saepe

221 3819 273 3880 per
302 3802 407 3859 tmesin
434 3804 521 3863 verbo
549 3806 685 3884 postponi
714 3805 800 3862 etiam
832 3803 963 3883 pluribus
992 3804 1086 3865 verbis
1116 3808 1288 3881 interiectis3

222 3907 257 3964 cf.
281 3905 449 3965 Ruhnkenii
472 3911 552 3987 epist.
577 3913 638 3968 crit.
675 3931 704 3989 p·
739 3914 814 3984 1333
852 3909 976 3989 append.
1008 3913 1097 3991 epigr.
1126 3913 1206 3972 anth.
1237 3912 1289 3973 Gr.

224 4016 294 4084 235,
320 4016 355 4086 23
385 4012 547 4075 Iacobsium
570 4013 607 4072 ad
628 4014 709 4072 anth.
732 4014 795 4073 Pal.
819 4019 860 4076 VI
889 4021 959 4088 218,
988 4024 1013 4076 l.
1061 4017 1165 4077 Atticis
1194 4026 1291 4077 autem

222 4119 314 4197 poetis
341 4117 509 4194 Kruegerus
544 4119 587 4199 (11
612 4123 668 4192 68,
693 4126 749 4192 48,
777 4119 807 4200 5)
837 4119 912 4178 hanc
939 4124 1159 4200 praepositionis
1187 4126 1292 4182 tmesin
1387 4157 1394 4161 ¹
1418 4180 1421 4189 ,
