3034 4675
642 262 854 326 ‚44-

214 434 392 495 substantivo
416 431 592 498 distrahatur
612 452 699 512 quam
721 434 751 491 in
771 434 884 492 Horatii
906 432 985 504 loco,
1009 434 1089 492 cuius
1109 431 1196 512 paulo
1218 440 1284 511 post

215 541 390 599 mentionem
418 540 521 597 faciam
554 536 652 618 (carm.
681 538 698 596 I
724 545 770 610 14,
799 537 857 619 ta).
903 546 1051 618 praeterea
1077 558 1164 617 quam
1197 556 1284 618 saepe

213 646 387 726 praepositio
420 645 512 703 ‘inter’
549 645 668 702 traiecta
701 644 879 715 inveniatur,
913 642 1018 701 docent
1048 643 1120 701 haec
1151 643 1285 723 exempla

214 752 287 811 Hor.
317 770 404 811 carm.
427 753 473 812 III
497 753 524 820 3,
551 754 587 808 37
626 748 707 811 irater
734 748 849 826 sarciat
878 747 980 818 Ilioa3
1016 751 1062 810 ΙΙΙ
1089 757 1135 821 15,
1161 755 1178 811 5
1205 749 1284 811 inter

214 855 317 919 ludere
338 855 488 938 alapiam
528 857 574 916 III
598 859 647 926 27,
678 859 713 914 51
739 853 819 915 iuter
840 874 940 916 errem
967 855 1052 916 audo
1080 854 1179 917 111111
1185 881 1196 926 ,·
1229 853 1282 914 Or.

113 985 116 988 ·
214 959 276 1026 her.
305 965 347 1024 IV
373 969 441 1037 117,
465 979 554 1019 amor.
577 961 624 1021 III
650 963 677 1030 6,
711 962 760 1038 63,
790 964 821 1021 Π
853 966 900 1031 11,
926 962 954 1037 3,
979 957 1087 1018 remed.
1114 966 1183 1032 611,
1216 969 1282 1018 met.

214 1069 271 1131 XV
301 1071 378 1139 864,
417 1084 453 1123 ex
479 1064 513 1123 P.
545 1068 587 1126 IV
620 1069 667 1136 10,
693 1068 727 1136 2,
757 1062 822 1126 fast.
852 1068 894 1126 IV
925 1069 985 1125 363
1016 1063 1080 1144 (ubi
1110 1066 1166 1123 ‘ait'
1199 1066 1284 1123 inter·

213 1173 338 1253 positum
362 1169 427 1254 est).
467 1200 470 1206 ·

298 1274 346 1335 Ad
372 1277 459 1335 finem
482 1272 620 1353 perducta
641 1279 716 1332 esset
746 1274 817 1331 haec
845 1273 883 1332 de
910 1277 1155 1354 praepositionum
1178 1274 1284 1353 hyper·

215 1380 283 1442 bato
305 1382 453 1461 quaestio,
482 1382 538 1439 nisi
560 1378 734 1457 singularem
755 1378 972 1438 collocationem
1002 1389 1031 1438 et
1051 1381 1176 1439 maxime
1198 1379 1283 1438 artifi-

213 1489 320 1547 ciosam
356 1488 612 1564 transgressionem
646 1485 797 1562 hucusque
831 1504 1029 1545 reservassem.
1071 1494 1172 1544 extant
1208 1487 1284 1544 enim

213 1591 354 1676 nonnulla
383 1593 602 1673 praepositionis
623 1611 641 1649 a
662 1591 842 1650 substantivo
864 1593 1010 1650 seiunctae
1030 1592 1179 1672 exempla,
1210 1610 1284 1670 quae

214 1700 255 1758 ita
275 1705 342 1757 sunt
370 1706 550 1778 comparata,
581 1705 615 1754 ut
636 1698 712 1755 inter
732 1706 870 1775 utresque
884 1701 974 1756 'voces
1002 1694 1125 1756 alterum
1153 1696 1284 1757 substan·

212 1805 302 1863 tivum
331 1802 378 1861 vel
404 1822 510 1863 nomen
538 1804 752 1881 interponatur,
787 1800 865 1881 quod
899 1821 915 1860 e
942 1805 1141 1879 grammatices
1166 1784 1284 1882 quidem

213 1908 326 1986 legibus
348 1929 366 1967 a
387 1908 599 1989 praepositione
620 1913 649 1965 et
670 1910 765 1988 ipsum
785 1906 912 1988 pendere
934 1910 1038 1987 possit3
1066 1915 1162 1968 tamen
1184 1927 1201 1966 e
1220 1926 1284 1966 sen·

212 2015 369 2074 tentierum
390 2031 503 2071 conexu
523 2020 645 2091 apparet
673 2010 822 2094 πρόθεσιν
850 2013 928 2072 illam
950 2033 1015 2072 cum
1036 2032 1105 2072 casu
1131 2014 1285 2072 remotiore

214 2137 277 2179 esse
298 2116 482 2194 iungendam.
519 2117 573 2175 hac
602 2119 820 2176 constructionis
849 2117 1071 2178 conformandae
1099 2122 1210 2179 ratione
1235 2119 1283 2178 ob·

213 2226 333 2285 scuritas
360 2222 502 2304 quaedam
537 2231 565 2281 et
596 2222 768 2300 ambiguitas
800 2226 937 2284 orationis
966 2227 1077 2298 existit,
1112 2245 1177 2284 cum
1207 2224 1284 2284 idem

212 2329 385 2391 vocabulum
406 2327 549 2408 duplicem
570 2331 695 2408 patiatur
715 2329 892 2389 relationem.
929 2329 981 2390 sed
1002 2329 1040 2390 ad
1061 2331 1189 2409 singulos
1207 2331 1284 2391 locos

213 2437 373 2495 accuratius
403 2433 608 2493 examinandos
635 2434 813 2493 accedamus.
858 2437 983 2515 primum
1010 2436 1067 2495 huc
1090 2437 1199 2496 faciunt
1227 2438 1284 2496 Ro·

213 2543 307 2600 manis
330 2539 529 2619 frequentatae
556 2538 624 2597 illae
650 2541 847 2612 traiectiones,
882 2559 955 2618 quas
984 2543 1016 2599 in
1037 2541 1200 2601 obtestandi
1228 2544 1283 2602 for·

213 2644 299 2705 mulis
318 2664 404 2725 supra
425 2644 606 2724 perlustravi,
629 2642 692 2703 dico
715 2653 887 2705 structuram
908 2645 1002 2725 qualis
1025 2654 1068 2705 est
1080 2668 1141 2730 per
1163 2658 1190 2711 te
1212 2651 1285 2712 deor

215 2772 281 2826 oro,
311 2750 362 2809 ubi
383 2748 481 2809 durior
502 2758 545 2808 est
564 2748 679 2823 locutio,
710 2749 789 2830 quod
810 2752 903 2830 primo
926 2751 1029 2811 obtutu
1052 2753 1120 2831 ‘per’
1146 2772 1211 2812 cum
1235 2755 1280 2813 ‘te'

214 2858 407 2917 coniunxeris.
457 2858 487 2914 in
520 2855 696 2916 Graecorum
725 2855 843 2935 quidem
874 2855 974 2934 lingua
1003 2864 1172 2937 propterea,
1205 2858 1284 2938 quod

213 2960 289 3045 πρός
324 2965 355 3020 in
391 2960 636 3021 obsecrationibus
667 2962 833 3038 genetivum
864 2964 954 3038 regit,
990 2963 1090 3022 similis
1126 2962 1285 3023 obscuritas

214 3069 320 3127 exoriri
341 3087 400 3126 non
421 3072 549 3146 poterat3
573 3075 603 3124 at
624 3066 687 3125 aliis
705 3066 774 3126 locis
788 3069 965 3146 pronominis
979 3071 1156 3128 accusativus
1178 3071 1286 3149 pariter

214 3176 290 3233 inter
325 3173 565 3252 praepositionem
611 3181 640 3230 et
675 3171 847 3232 substantivi
889 3177 1083 3233 accusativum
1124 3175 1283 3239 intercedit.
1311 3228 1314 3237 .

214 3279 249 3343 cf.
280 3276 391 3337 Gallim.
424 3279 513 3357 epigr.
545 3282 562 3337 2
600 3275 693 3357 (anth.
723 3277 786 3336 Pal.
817 3282 874 3340 VII
905 3278 959 3360 80)
996 3277 1029 3350 ἐς.
1057 3276 1093 3339 δέ
1117 3301 1156 3358 με
1189 3280 1284 3362 δάκρυ

213 3383 336 3463 ἤγαγεν,
377 3381 428 3440 ubi
463 3381 695 3459 coniungendam
730 3392 773 3441 est
802 3381 831 3453 ἐς
862 3381 959 3464 δάκρυ
989 3405 1027 3461 με
1058 3384 1174 3466 ἥγσιγεν.
1218 3389 1285 3445 hinc

213 3487 377 3564 Agathiam,
400 3490 451 3566 qui
472 3489 603 3567 inprimis
626 3487 794 3547 Callimachi
815 3490 936 3566 vestigia
958 3498 1071 3548 secutus
1092 3500 1136 3550 est
1157 3491 1205 3572 (cf.
1221 3491 1284 3551 Dil-

214 3594 334 3670 theyum
356 3590 392 3650 de
415 3591 527 3655 Gallim.
544 3590 617 3670 cyd.
633 3613 662 3671 p.
683 3600 737 3655 101
757 3601 787 3652 et
806 3593 892 3653 Auel.
910 3593 1021 3654 Gallim.
1038 3617 1067 3675 p.
1090 3595 1153 3675 33),
1175 3607 1284 3656 certum
1353 3651 1356 3659 ,

213 3788 320 3834 sacrario
339 3786 419 3848 raptae
435 3784 516 3831 1111111
533 3783 639 3831 Martiae
656 3786 761 3843 11111111,
779 3787 807 3833 dc
819 3800 846 3832 ca
858 3801 884 3834 11
895 3787 930 3834 aa
941 3797 1089 3837 consumat.
1115 3789 1187 3837 aliud
1198 3803 1284 3837 exem·

214 3874 285 3936 plum
306 3888 319 3922 e
338 3873 480 3936 posteriore
498 3879 583 3921 aetate
602 3878 627 3920 et
647 3886 766 3920 sermone
783 3874 886 3934 poetico
904 3876 1021 3937 petitum,
1040 3878 1109 3937 quod
1125 3879 1285 3927 Maecenatis

213 3963 273 4013 loco
292 3963 390 4029 optime
410 3961 539 4022 convenit,
559 3961 665 4023 praebet
683 3960 775 4010 Senec.
793 3962 887 4009 Troad.
908 3963 973 4012 1178
992 3979 1030 4026 sq.

424 4053 519 4111 repetite
536 4052 708 4110 1111111111,
726 4052 839 4111 captiuae,
855 4052 949 4113 prada,

424 4143 470 4188 iam
488 4142 538 4188 vela
550 4141 643 4199 puppis
659 4141 725 4206 71111
741 4148 764 4189 et
780 4141 863 4187 1111111
880 4150 962 4188 moret.
