3034 4675
610 261 911 325 -·163-'

179 430 406 503 obversabatur,
437 451 490 510 pro
520 429 594 489 duce
621 438 744 491 utamur.
801 430 916 490 difficile
945 439 1041 491 autem
1072 440 1115 491 est
1143 432 1258 509 singula

181 536 328 614 exempla,
345 555 469 614 quorum
486 537 554 595 satis
576 556 681 612 magna
703 544 783 596 extat
803 535 965 609 multitudo,
989 555 1054 595 cum
1075 556 1162 617 saepe
1182 540 1259 597 inter

180 660 214 700 se
236 643 381 721 comparia
402 642 460 699 sint
474 640 528 698 'vel
549 640 689 714 confinia,
714 640 859 701 interdum
880 651 976 701 tamen
998 642 1096 720 aliqua
1117 641 1155 700 ex
1175 651 1259 722 parte

175 744 332 820 differant,
362 743 401 803 ad
422 754 529 804 certam
550 745 697 823 quandam
718 766 853 806 revocare
873 768 1012 808 normam.
1059 767 1158 806 verum
1181 768 1257 807 com·

179 850 317 910 meditati
339 853 501 930 scriptionis
522 849 674 910 obsecutus
696 871 759 911 esse
781 853 850 910 mihi
872 852 986 925 videor,
1010 851 1089 930 quod
1109 874 1168 926 non
1192 853 1256 913 ubi-

176 978 242 1037 que
263 957 396 1034 religiose
418 955 537 1014 distinxi
557 958 632 1014 inter
653 956 772 1035 plenum
795 960 974 1017 enuntiatum
990 966 1018 1015 et
1035 977 1125 1016 unum
1137 958 1256 1038 aliquod

176 1062 303 1122 verbum
335 1067 365 1121 in
393 1063 632 1120 constructionem
660 1061 778 1120 alterius
803 1066 961 1121 traiectum.
994 1071 1104 1141 <atque
1136 1042 1256 1124 habebit

179 1168 238 1227 hoc
264 1171 359 1226 minus
381 1166 515 1226 distincte
530 1165 696 1247 disputandi
714 1186 806 1243 genus
821 1187 837 1226 e
851 1149 998 1228 brevitatis
1020 1168 1114 1227 studio
1136 1171 1256 1230 fortasse

178 1274 316 1333 nonnihil
346 1274 546 1333 excusationis.
589 1279 715 1329 ceterum
744 1274 776 1330 in
797 1272 852 1330 hac
873 1291 990 1350 quoque
1011 1278 1257 1336 commentationis

178 1379 324 1458 particula
351 1380 475 1437 maxime
505 1396 621 1456 operam
643 1376 724 1451 dedi,
757 1385 789 1435 ut
810 1397 828 1435 a
849 1376 960 1453 vulgari
982 1377 1020 1435 ad
1043 1378 1256 1442 insolentiorem

112 1533 115 1542 ,
173 1487 304 1564 speciem
336 1482 477 1562 gradatim
505 1479 689 1541 ascenderem
699 1480 735 1564 1),
786 1484 810 1541 si
841 1485 1020 1541 enuntiatum
1053 1503 1069 1541 e
1097 1490 1257 1545 sententiae

175 1592 292 1648 ratione
316 1590 406 1648 altero
429 1597 472 1647 est
494 1589 620 1661 inferior,
643 1608 703 1646 non
725 1585 809 1647 valde
830 1589 950 1661 mireris,
974 1586 1053 1667 quod
1074 1589 1142 1648 huic
1163 1594 1255 1651 inter-

177 1697 314 1774 ponitur,
346 1703 378 1752 ut
398 1693 485 1752 Pind.
508 1693 596 1772 Pyth.
619 1698 660 1756 IV
684 1701 722 1755 45
746 1714 789 1773 eq.
833 1695 925 1751 maior
953 1713 1021 1752 vero
1050 1693 1171 1755 audacia
1197 1698 1253 1757 illis

175 1800 248 1859 locis
271 1801 460 1876 cognoscitur,
484 1797 534 1857 ubi
553 1799 765 1859 enuntiationes
780 1817 873 1874 paene
887 1800 951 1877 pari
967 1806 1088 1858 utuntur
1100 1811 1251 1881 potestate.

174 1908 220 1964 sic
243 1906 329 1964 Hom.
352 1904 387 1962 ll.
411 1909 442 1967 II
466 1909 526 1966 333
542 1923 605 1982 sqq.

266 2020 306 2094 ὣς
328 2012 431 2104 ἔφατ’,
449 2018 575 2103 Ἀργεῖοι
597 2018 630 2081 δὲ
650 2018 716 2102 μέγ’
740 2019 826 2100 ἴαχον
847 2056 884 2065 -
909 2020 988 2102 ἀμφὶ
1011 2019 1044 2080 δὲ
1066 2030 1133 2100 νῆες

266 2126 448 2209 σμερδαλέον
470 2125 642 2207 κονάβησαν
664 2124 822 2186 ἀϋσάντων
843 2123 901 2185 ὑπ’
917 2117 1047 2204 Ἀχαιῶν
1068 2164 1111 2173 -

264 2236 368 2309 μῦθον
390 2231 601 2312 ἐπαινήσαντες
620 2229 786 2311 Ὀδυσσῆος
806 2231 912 2307 θείοιο,

172 2373 268 2431 oratio
291 2390 343 2450 per
363 2372 550 2450 parenthesin
564 2371 740 2431 conformata
754 2373 858 2430 mirum
872 2379 1011 2445 quantum
1029 2351 1148 2448 erigitur
1163 2395 1250 2434 novo·

177 2497 234 2554 que
257 2476 335 2535 cultu
357 2478 495 2548 enitescit,
523 2486 613 2556 atque
634 2495 721 2554 quam
742 2476 873 2535 celeriter
894 2495 957 2534 sese
978 2477 1123 2554 excipiant
1144 2481 1251 2540 clamor

176 2564 355 2647 Graecorum
384 2589 412 2640 et
442 2582 551 2639 schoa
572 2581 695 2661 naribus
716 2600 897 2661 repercussa,
929 2582 1030 2642 ordine
1051 2601 1167 2660 quoque
1188 2603 1249 2642 ver-

176 2687 281 2748 borum
303 2688 481 2766 exprimitur.
515 2704 610 2761 neque
629 2686 713 2745 aliter
735 2688 900 2766 explicandi
918 2708 980 2748 esse
995 2687 1129 2746 videntur
1149 2707 1249 2747 versus

103 2868 106 2873 Ι
174 2794 274 2852 Nonn.
298 2793 385 2850 Dion.
409 2795 542 2881 XXXIlI
567 2796 625 2854 364
649 2811 711 2867 sqq.
790 2875 792 2880 Ι

305 2908 382 2970 ἀλλά
402 2932 455 2986 μιν
477 2907 650 2990 ἦνιεοόιιεοε,
673 2909 723 2968 καὶ
746 2909 778 2969 ἐκ
800 2911 948 2973 θανάτοιο
969 2910 1096 2981 σαώσεις

305 3015 360 3093 σὴν
381 3014 526 3095 στρατιὴν
548 3014 672 3095 φαξηλιν
694 3011 895 3094 ἱμασοομένοο
916 3016 1074 3090 Διονύσου,

304 3117 476 3198 prolepsim]
498 3118 612 3200 παφιής
633 3116 732 3178 κενεὸν
753 3119 862 3197 πόθον,

174 3253 227 3312 ubi
249 3255 430 3334 participium
452 3252 634 3336 ψευδομένη,
657 3260 782 3316 sirecte
805 3259 913 3331 sentio,
941 3260 1058 3337 proprie
1078 3265 1189 3337 spectat
1209 3256 1248 3316 ad

177 3361 377 3438 imperativum
399 3357 571 3441 ἠπερόσεοε.
617 3364 732 3421 omnino
758 3371 855 3423 autem
877 3363 1020 3422 Homerus
1040 3363 1094 3422 hac
1115 3363 1249 3423 libertate

173 3484 263 3540 quam
286 3466 410 3523 maxime
438 3485 506 3524 usus
534 3476 577 3526 est
606 3476 635 3525 et
663 3469 798 3527 convenit
825 3469 897 3527 haec
924 3468 1100 3528 consuetudo
1122 3474 1246 3530 sermoni

175 3571 237 3627 eius
266 3569 388 3648 simplici
416 3579 446 3628 et
474 3570 577 3629 laxiori
605 3592 699 3648 neque
728 3572 798 3633 dum
829 3575 934 3632 artiore
964 3573 1077 3654 periodi
1109 3596 1248 3656 compage

171 3675 299 3732 astricto.
344 3676 454 3754 quippe
479 3677 614 3735 orationis
643 3679 773 3738 membra
802 3680 895 3738 minus
921 3698 958 3738 ex
980 3698 1080 3739 severa
1101 3682 1246 3759 cogitandi

174 3779 287 3837 ratione
302 3786 364 3836 arte
378 3778 550 3859 copulantur
564 3801 651 3860 quam
673 3783 766 3843 solute
788 3786 868 3844 iuxta
888 3794 1042 3866 ponuntur.
1079 3786 1146 3845 vide
1168 3787 1246 3846 Clas-

261 4050 282 4115 1)
301 4054 444 4116 Complura
464 4069 562 4119 eorum,
586 4071 653 4118 quae
671 4073 687 4105 a
704 4071 744 4105 me
764 4065 876 4109 tractata
893 4061 973 4122 vides,
993 4061 1080 4109 attulit
1100 4062 1244 4111 Lobeckius

172 4140 209 4188 ad
226 4138 307 4203 Soph.
325 4141 368 4195 Αἱ.
388 4158 429 4192 w.
446 4144 505 4195 475.
523 4145 581 4195 476.

1045 4231 1097 4286 11*
