3034 4675
662 273 876 338 445...

235 451 292 502 est·
307 442 409 502 eodem
437 442 522 502 modo
551 444 691 504 voeabula
719 443 893 524 disposuisse
916 445 1008 526 (anth.
1029 446 1091 504 Pal.
1115 450 1141 509 V
1169 450 1246 518 237,
1272 444 1303 526 3)

236 545 265 619 ἔς
293 544 328 607 δέ
352 569 391 626 με
421 545 517 630 δάκρυ
547 547 726 628 βάλλουσιν,
757 549 857 609 similis
886 560 929 609 est
956 571 1042 610 causa
1067 554 1098 611 in
1119 550 1307 631 Alciphronis

228 654 355 712 ‘rhetoris
399 655 481 731 epist.
525 659 571 718 III
615 661 672 729 37,
720 660 737 716 3
790 653 832 726 εἷς
880 653 938 737 γάρ
984 677 1022 734 με
1064 635 1100 715 τὸ
1143 653 1305 738 συνηρεφὲς

236 757 370 838 ἀγαγὼν,
400 749 436 818 οὗ
463 757 498 818 τὸ
520 759 667 838 πύκνωμα
688 759 807 839 συνεχές
829 754 866 840 ἦν
885 768 947 821 τῶν
968 759 1113 841 δένδριον,
1149 771 1179 820 et
1207 761 1304 842 Apoll.

232 862 328 928 Rhod.
352 868 481 928 111638

458 985 529 1068 περί
546 1008 598 1065 μοι
620 986 704 1070 ’ξείνῳ
727 985 830 1071 φρένες
851 985 1030 1069 ἠερέθονται
1043 988 1102 1071 1)..

235 1107 306 1166 haec
327 1116 423 1167 autem
445 1107 577 1187 exempla
598 1129 658 1167 non
679 1118 737 1168 tam
760 1109 887 1168 difficilia
908 1119 983 1183 sunt,
1006 1109 1085 1189 quod
1106 1120 1218 1171 tantum
1238 1133 1305 1192 pro·

235 1231 341 1271 nomen
363 1211 523 1272 enclitieum
553 1215 753 1293 interpositum
776 1223 834 1290 est3
871 1197 962 1275 multo
984 1218 1121 1275 maiorem
1142 1216 1305 1276 libertatem

236 1319 277 1376 eis
297 1318 368 1377 locis
389 1316 547 1389 concedere
568 1317 715 1393 debemus,
738 1321 845 1400 quibus
863 1323 996 1397 graviore
1016 1319 1145 1400 pondere
1166 1321 1305 1380 voeabula

235 1423 417 1503 hyperbaton
446 1421 598 1483 obscurum
623 1425 786 1484 effecerunt.
825 1425 870 1483 hic
899 1428 1023 1507 primum
1053 1429 1180 1486 omnium
1209 1426 1304 1486 locum

234 1527 366 1588 obtinent
386 1527 571 1588 celeberrima
590 1530 641 1589 illa
661 1531 805 1612 Propertii
826 1532 915 1590 verba
936 1531 964 1590 V
990 1538 1016 1604 1,
1041 1537 1058 1592 3
1081 1551 1125 1611 sq.

331 1652 454 1735 primm
477 1672 530 1734 epo
552 1651 709 1735 υἰιρνιδῖον
726 1674 810 1736 puro
833 1655 869 1716 de
889 1653 971 1735 forata
994 1655 1135 1716 sacerdos
1198 1659 1200 1662 ’
1274 1663 1291 1694 ⁸

400 1756 483 1819 Itala
500 1778 561 1841 per
588 1754 702 1820 Graios
725 1759 814 1841 ονρῖα
834 1757 917 1839 ferre
938 1760 1056 1822 choros.

320 2014 341 2081 1)
370 2019 517 2069 Boeelshius
542 2020 592 2067 hoc
617 2019 754 2083 hyperbati
778 2035 860 2083 genus
886 2021 1001 2071 Pindaro
1025 2036 1129 2084 quoque
1153 2022 1304 2085 impertivit,

233 2123 290 2157 cum
308 2108 383 2174 Pytb.
402 2108 430 2157 Π
448 2107 481 2158 tt
500 2122 540 2169 sq.
560 2108 642 2156 edidit

643 2196 742 2259 βουλαὶ
762 2194 793 2247 δὲ
811 2193 995 2267 πρεσβύτεραι

399 2278 551 2335 ἀκίνδυνον
571 2281 636 2351 ἐμοὶ
655 2282 809 2341 inornati
825 2300 854 2339 σε
875 2281 970 2340 πάντα
989 2282 1074 2356 λόγον

398 2373 522 2425 ἐπαινεῖν
541 2375 701 2448 παρέχοντι,

231 2465 268 2513 ita
292 2448 321 2529 ut
345 2464 409 2511 ordo
436 2470 505 2512 esset
529 2460 597 2520 ἔπος
619 2478 649 2515 σε
674 2466 741 2515 ποτὶ
762 2460 854 2516 πάντα
882 2463 968 2533 λίνον
992 2463 1116 2518 ἐπαινεῖν
1139 2469 1302 2534 παρέχοντι.

233 2559 332 2601 veteres
362 2551 464 2600 codices
487 2552 632 2601 omiserunt
659 2553 692 2603 σέ
713 2561 738 2602 et
766 2549 827 2603 libri
850 2555 986 2605 inferiores
1020 2557 1145 2605 exhibent
1173 2558 1243 2606 ποτί
1266 2556 1303 2628 ῥα

231 2633 325 2691 πάντα
349 2632 442 2707 λόγον.
479 2641 639 2690 Boeeklrium
664 2644 745 2705 igitur
770 2644 793 2692 si
817 2645 962 2708 sequimur,
993 2645 1150 2706 peculiarem
1175 2644 1304 2693 habemus

232 2731 446 2791 collocationem,
475 2733 544 2792 quod
568 2720 640 2794 quis*
654 2733 759 2794 iungere
785 2734 868 2795 possit
891 2737 959 2784 ποτί
982 2747 1019 2785 σε.
1048 2748 1132 2796 neque
1152 2735 1301 2783 verobona

230 2821 383 2869 insolentem
405 2820 606 2882 praepositionis
632 2822 813 2871 traiectionem
835 2822 862 2870 in
886 2823 991 2872 Pindari
1019 2824 1134 2872 carmina
1158 2823 1301 2872 inserentes

230 2911 300 2972 ultra
324 2910 389 2958 fines
413 2923 429 2957 a
451 2917 528 2970 poeta
552 2909 601 2958 sibi
622 2911 722 2973 positos
744 2924 897 2973 evagamur,
924 2913 1018 2974 quippe
1036 2913 1080 2974 qui
1098 2911 1202 2974 saepius
1221 2912 1301 2960 verba

230 3014 288 3049 eum
313 3000 425 3061 quadam
450 2997 619 3060 ambiguitate
646 2998 819 3058 ordinaverit,
845 3002 913 3061 quod
938 3001 1061 3065 deinceps
1084 3001 1194 3049 diversis
1222 3001 1302 3048 huius

233 3085 458 3138 commentationis
476 3086 541 3135 loeis
559 3088 787 3139 demonstrabitur.
820 3096 898 3150 atque
920 3089 947 3136 in
964 3089 1022 3153 ipsa
1038 3089 1234 3152 praepositione
1249 3095 1300 3136 tra·

231 3179 333 3227 icienda
350 3176 491 3225 Pindarum
511 3176 547 3224 ita
565 3177 614 3225 sibi
631 3176 784 3238 indulsisse,
802 3185 832 3225 ut
849 3177 927 3225 etiam
946 3178 1156 3239 perspicuitatem
1174 3178 1302 3226 orationis
1379 3236 1381 3239 Ι

229 3267 391 3328 neglegeret,
417 3271 488 3326 patet
505 3278 538 3312 ex
556 3264 633 3329 Pyth.
655 3266 707 3314 xi<
719 3266 748 3315 13
767 3281 831 3328 sqq,
854 3266 898 3315 ubi
918 3266 1024 3329 Berghii
1042 3267 1169 3329 scriptura
1185 3268 1300 3316 maxime

228 3356 326 3405 arridet
345 3361 371 3403 et
391 3353 540 3402 allubescit.

433 3439 463 3493 ἓν
482 3443 520 3507 τῷ
539 3439 714 3509 Θρασυδαῖος
729 3440 859 3509 ἔμνασεν,
880 3441 975 3494 ἑστίαν

434 3532 528 3599 τρίτον
547 3529 595 3582 ἔπι
612 3533 754 3600 στέφανον
772 3525 906 3600 πατρώαν
923 3524 1026 3595 βαλών,

435 3616 465 3669 ἰν
485 3612 604 3688 ἀφνεαῖς
624 3614 771 3687 ἀρούραισι
788 3612 907 3670 Πυλάδα

433 3707 513 3760 νικᾶν
530 3709 609 3766 ξένου
626 3701 765 3765 Λάκωνος
780 3702 899 3778 Ὀρέστα.

231 3811 290 3845 cum
309 3798 460 3846 Hermanno
485 3800 660 3861 anastrophen
682 3778 899 3862 praepositionis,
923 3813 976 3847 non
1000 3797 1094 3846 tmesin
1117 3798 1300 3860 intellegeret

231 3883 278 3935 ent
303 3900 362 3935 eum
386 3883 478 3936 ἑστίαν
497 3881 631 3954 πατρῴαν
655 3888 811 3951 coniungas,
839 3889 876 3937 ita
899 3896 928 3937 ut
951 3887 1108 3949 praepositio
1132 3887 1244 3936 traiecta
1264 3885 1301 3934 sit

229 3978 298 4027 inter
315 3976 423 4024 alterum
441 3976 618 4024 accusativum
636 3977 669 4023 ad
689 3973 737 4027 ἐπί
753 3977 859 4026 omnino
878 3991 932 4025 non
943 3975 1125 4040 pertinentem.
1151 3976 1204 4024 iam
1216 3975 1300 4036 vides,

229 4068 298 4115 unde
316 4065 474 4128 posteriores
499 4064 657 4125 singularem
673 4066 745 4115 illam
764 4065 964 4128 praepositionis
982 4064 1215 4126 transgressionem
1231 4063 1302 4112 didi·

230 4156 322 4217 cerint,
341 4168 418 4216 quam
435 4154 463 4203 in
481 4160 605 4202 contexta
622 4155 739 4203 oratione
756 4155 860 4216 longius
879 4166 1073 4216 persequamur.
