3034 4675
628 269 864 332 -136-

215 446 272 511 est,
296 437 374 519 quod
396 442 490 519 ipsum
511 459 650 498 summam
673 442 832 499 sententiae
853 442 911 500 vim
932 442 1075 511 continet,
1106 440 1284 521 parenthesis

134 568 138 578 ’
214 543 300 604 modo
327 547 526 625 interponitur.
571 543 628 602 huc
656 547 744 622 igitur
773 554 903 625 spectant
930 544 1069 604 formulae
1097 545 1178 619 illae,
1211 564 1285 625 quae

213 650 301 730 plane
328 650 528 711 adverbiorum
555 652 614 709 vim
635 650 757 723 habent,
784 650 875 728 δῆλον
895 649 951 725 ὅτι,
975 649 1105 731 φανερὸν
1125 648 1181 722 ὅτι,
1206 645 1284 709 ἔστιν

214 753 256 829 ὅς,
278 755 351 830 alia3
374 756 410 814 cf.
432 756 634 816 Lehmannnm
656 777 685 836 p.
710 763 727 816 9
745 776 788 835 sq.
829 775 925 835 neque
946 755 1055 815 solutae
1077 757 1200 815 orationi
1219 756 1285 814 talia

214 869 358 919 structura
380 869 423 920 eat
445 863 543 937 ignota
564 880 660 939 neque
681 863 798 919 omnino
814 859 974 940 quidquam
996 860 1085 920 habet
1098 858 1177 941 qnod
1199 861 1285 919 lecto·

213 945 275 1026 rem
297 964 442 1046 impediat
486 966 623 1026 notabilis
644 985 712 1025 vero
742 975 786 1025 est
806 965 958 1046 Sophoclis
986 967 1066 1026 locus
1088 965 1134 1025 Aa
1159 973 1226 1031 600*
1240 986 1283 1045 aq.

402 1069 459 1150 ἐγὼ
480 1068 514 1131 δ’
537 1070 553 1132 ὁ
576 1070 699 1150 τλάμων
721 1070 848 1142 παλαιὸς
870 1064 925 1153 ἀφ’
952 1064 989 1132 οὗ
1004 1069 1112 1151 χρόνος

401 1172 493 1260 Ἰδᾷάι
514 1161 634 1254 μίμνων
651 1184 778 1256 χειμῶνι
799 1175 859 1263 πάρ
881 1199 913 1237 τε
935 1185 1039 1257 μηνῶν

345 1332 349 1344 .
401 1280 573 1363 ἀνάριθμος
595 1279 658 1341 αἰὲν
680 1284 821 1360 εὐνῶμαι,

213 1386 263 1445 ubi
292 1387 445 1446 verborum
474 1386 545 1447 ordo
576 1391 615 1446 ita
637 1396 680 1447 eat
702 1390 865 1461 institutus,
891 1396 925 1448 ut
945 1395 1041 1467 partes
1063 1388 1206 1446 enuntiati
1227 1388 1284 1466 pri-

214 1493 295 1550 marii
316 1512 369 1572 per
390 1492 590 1553 secundarium
613 1493 697 1553 simul
712 1492 865 1552 distractae
879 1496 946 1552 sint.
970 1494 1006 1552 cf.
1019 1495 1110 1553 Dion..
1123 1493 1203 1553 cass.
1218 1492 1284 1551 hist.
1383 1483 1385 1488 ’

213 1618 283 1656 rom.
304 1599 393 1658 XLV
410 1604 448 1661 38
470 1605 534 1669 πῶς
554 1599 611 1679 γὰρ
632 1598 685 1657 οὐκ
707 1597 832 1677 αἰσχρὸν
853 1597 999 1675 Καίσαρα
1020 1594 1085 1674 μὲν,
1109 1598 1177 1680 άρτι
1198 1619 1231 1678 γε
1253 1596 1285 1656 ἐκ

213 1702 329 1763 παίδων
351 1701 581 1786 προεληλυθότα
599 1683 653 1762 Ικαὶ
673 1704 820 1775 ornator
841 1702 871 1775 ἔξ
893 1695 929 1763 οὗ
945 1703 1054 1784 χρόνος
1075 1703 1195 1790 ἓςῆτοὺς
1217 1702 1286 1785 ἐφή-
1371 1758 1375 1766 .

212 1811 286 1886 βους
315 1805 556 1890 ἐγγεγραμμένον.
602 1812 768 1889 saepissime
796 1818 893 1869 antem
925 1803 987 1870 οἶδ’
1017 1809 1063 1870 ὅτι
1086 1811 1285 1889 interpositum

212 1915 377 1988 invenitur3
408 1915 443 1972 cf.
467 1913 580 1974 Gallim.
604 1915 693 1993 epigr.
715 1919 766 1988 42,
792 1924 807 1974 5
833 1914 924 1996 (anssr.
948 1915 1010 1979 Pal.
1033 1919 1093 1979 XII
1119 1915 1182 1996 73),
1204 1916 1284 1973 anth.

213 2017 296 2076 Plan.
319 2023 388 2092 260,
413 2027 441 2092 4,
464 2019 666 2079 Lehmannum
687 2042 715 2101 p.
741 2028 777 2082 10
793 2040 836 2100 sq.
867 2041 953 2101 quam
974 2020 1127 2081 formulam
1148 2020 1235 2100 plane
1257 2022 1287 2078 in

213 2122 342 2184 adverbii
364 2127 422 2184 vim
444 2125 549 2184 abiisse
573 2126 760 2203 comprobant
782 2146 817 2185 ea
838 2126 979 2206 exempla.
995 2125 1101 2204 quibus
1123 2126 1177 2185 sub
1199 2126 1285 2185 finam

213 2228 325 2307 periodi
347 2233 464 2290 traiecta
486 2240 546 2303 est,
569 2231 659 2311 Soph.
685 2232 732 2291 Ai.
754 2236 815 2294 276

189 2409 192 2414 j
409 2334 532 2417 πάρειμι
555 2331 588 2396 ‹i'
611 2336 692 2397 ἄκων
714 2339 769 2415 οὐχ
791 2330 916 2412 ἑκοῦσιν,
940 2329 1017 2397 οἶδ’
1040 2334 1097 2411 ὅτι,

214 2429 303 2499 A'rist.
327 2442 446 2507 Thoan.
474 2449 520 2514 12,
544 2444 614 2521 Lys.
638 2449 706 2515 154,
728 2443 808 2504 Nub.
838 2451 914 2505 1174
940 2463 983 2522 sq.
1031 2442 1187 2523 complura,
1211 2461 1286 2520 quae

214 2565 382 2607 enumerare
403 2548 521 2625 longum
543 2558 595 2620 est,
618 2547 685 2608 vide
706 2548 783 2629 apud
807 2549 1009 2607 Lehmannum
1030 2569 1059 2628 p.
1080 2555 1113 2619 11
1128 2566 1172 2626 sq,
1196 2567 1285 2606 unum

214 2661 310 2710 autem
332 2654 512 2734 exemplum,
536 2651 614 2732 quod
642 2653 701 2712 illic
722 2654 829 2712 frustra
848 2656 994 2732 requires,
1017 2642 1286 2712 commemoratione

214 2775 273 2815 non
296 2768 340 2816 est
361 2757 522 2836 indignum,
546 2757 657 2819 Gallim.
681 2763 771 2839 epigr.
796 2764 834 2821 29
859 2757 951 2840 (anth.
974 2758 1036 2817 Pal.
1060 2760 1104 2820 IX
1128 2756 1202 2837 507)

288 2869 294 2882 ’
838 2864 873 2924 οὐ
893 2863 946 2923 τὸν
967 2862 1078 2922 ἀοιδῶν

420 2967 554 3050 ἔσχατον,
578 2959 645 3029 ἀλλ’
670 2966 762 3029 ouria)
782 2969 825 3048 μὴ
847 2970 882 3030 τὸ
903 2966 1119 3050 μολιχρότατον

368 3083 430 3134 τῶν
451 3073 544 3136 ἐπέων
565 3074 581 3135 ὁ
603 3075 713 3146 Σολεὺς
734 3074 918 3154 ἀπεμάξατο,

216 3176 267 3235 ubi
288 3178 436 3265 Bentleius
458 3179 495 3239 ad
520 3182 718 3259 interpositum
735 3179 827 3248 ὀανὲω
841 3179 884 3259 μή
903 3179 1040 3238 Latinum
1064 3176 1151 3236 ‘haud
1166 3180 1224 3236 scio
1237 3178 1283 3235 an’

216 3291 284 3360 apte
313 3287 501 3365 comparavit3
531 3288 647 3366 proprie
675 3295 772 3346 autem
803 3300 846 3345 eat
875 3293 1010 3344 ‘cunctor
1037 3303 1076 3343 an
1104 3303 1164 3341 non
1193 3281 1286 3342 dicere

216 3380 352 3444 debeam'
378 3388 427 3468 (cf.
446 3391 615 3450 Jacobsinm
637 3390 674 3450 ad
696 3390 777 3458 anth,
799 3390 861 3449 Pal.
885 3393 925 3453 IV
947 3411 975 3469 p.
997 3389 1083 3470 581).

301 3490 451 3569 Pergimus
474 3495 539 3554 hinc
553 3495 591 3554 ad
609 3496 718 3555 litteras
733 3497 861 3566 Latinas,
878 3497 908 3553 in
922 3494 1027 3574 quibus
1046 3502 1076 3553 et
1090 3495 1159 3573 ipsis
1173 3502 1287 3572 practer

216 3593 375 3656 subiectum
405 3600 462 3658 alia
490 3601 594 3674 verba,
627 3622 750 3681 quorum
779 3604 905 3659 maxima
931 3603 974 3659 vis
1004 3609 1055 3671 est,
1079 3618 1115 3658 ex
1138 3600 1285 3658 enuntiato

216 3701 384 3762 secundario
406 3707 435 3763 in
457 3708 622 3786 primariam
644 3709 823 3769 traiciuntur.
858 3708 898 3764 ita
920 3704 1061 3765 obiectum
1083 3706 1286 3784 transpositum

216 3817 260 3864 eat
279 3807 375 3867 Plaut.
398 3810 482 3876 Trin.
505 3813 520 3870 I
543 3818 572 3886 2,
598 3820 636 3874 50

386 3917 440 4000 qui
461 3927 492 3979 to
514 3917 548 3981 id
562 3916 728 4002 prohibere
749 3938 796 3978 me
816 3928 903 4000 poter
925 3937 961 3978 αα
984 3914 1120 3999 suspicer·

214 4026 244 4076 et
264 4019 352 4100 Prop.
376 4026 406 4084 11
431 4029 458 4095 3,
483 4028 521 4084 33

341 4126 397 4189 Ιιοο
419 4148 473 4210 epo
495 4150 574 4190 οαοο
595 4128 691 4191 orirer
712 4128 740 4190 ai
752 4127 868 4212 flapret
890 4137 995 4191 nostro
1017 4123 1175 4188 iuventus?
